2148 3068
1116 130 1121 136 ·
1163 113 1365 165 LIBER.
1464 125 1468 127 “
1522 114 1578 165 m

289 225 475 275 Libellio
679 221 770 272 siue
783 224 973 287 epistola:
984 222 1105 271 unde
1115 223 1357 277 libelliones
1368 227 1596 276 uocabant
1607 225 1782 290 antiqui
1794 236 1913 290 quos
1923 225 2015 274 nile

287 291 492 339 :tabellio
678 287 1022 336 Tabellioneszut
1034 301 1058 334 a
1071 292 1189 338 notis
1203 291 1481 339 Notariost&
1493 293 1646 353 petitio
1657 295 1699 338 in
1712 288 1874 341 iudicio
1887 302 2016 352 potre

288 357 468 404 Notarii
679 352 744 398 ἂι
759 355 802 396 in
817 365 914 414 quo
926 350 1170 415 significatu
1181 353 1335 417 legulei
1348 354 1617 402 utuntur.Est
1630 354 1824 405 librarius
1835 357 1914 417 qui
1926 366 2018 418 gtae

285 419 507 466 Librarius
682 430 730 462 ce
745 415 1090 478 Bibliographus
1103 416 1238 464 libros
1251 415 1562 466 transcribitzHi
1576 419 1749 466 fuerant
1760 430 1809 470 ut
1820 416 2017 464 diximus

287 477 606 545 Bibliograph0
681 493 734 526 ex
750 493 922 541 papyro
937 478 1141 525 nascente
1164 481 1210 525 in
1232 484 1397 544 aegvpti
1410 483 1668 543 palustribus
1680 499 1695 530 r
1706 495 1784 531 aut
1796 481 1870 529 nili
1885 483 2018 544 aquis

287 548 490 612 papyrus
680 544 1005 607 quiescentibus
1017 558 1028 590 x
1040 555 1145 587 cum
1169 556 1222 590 ex
1234 556 1288 591 ea
1299 543 1454 593 fierent
1466 547 1630 594 chartae
1643 545 1790 594 diuisae
1801 559 1883 593 acu
1897 549 1942 592 in
1955 556 2015 591 tet

677 606 882 656 unissima
899 604 1063 654 folia:in
1075 607 1242 668 quibus
1253 609 1523 668 antiquiores
1534 608 1801 672 scripserunt.
1813 607 1887 656 sed
1901 611 2024 672 prius

679 671 809 735 quod
824 687 847 719 a
861 668 1026 734 pleriscp
1038 675 1172 718 etiam
1186 682 1307 716 nunc
1318 667 1576 719 obstruatur
1587 673 1763 722 concha
1775 676 1946 720 matina
1961 685 2016 720 ex

677 737 962 799 poliebantur
975 745 1024 781 ut
1039 730 1188 781 cursus
1200 729 1302 782 essct
1315 731 1904 785 calamo-faciliorMattiaiis
1917 748 1928 782 t
1940 735 2017 782 Lea

677 804 746 847 uis
760 801 819 846 ab
834 811 1041 862 aequorea
1056 808 1205 845 cortex
1219 801 1455 848 mareotica
1467 799 1642 847 concha
1654 799 1771 848 Fiat:
1785 802 1828 847 in
1840 796 2016 850 offensa

677 875 818 913 curret
832 860 1043 910 harundo
1057 864 1151 909 uia:
1165 865 1210 910 &
1225 861 1390 910 Plinius
1402 865 1552 913 in.xiii.
1563 862 1704 911 scribit
1716 876 2016 927 papyraceam

286 934 512 985 Scabticia
678 929 882 975 chartam
895 925 1141 974 scabritiam
1155 927 1334 991 lenigari
1348 925 1479 974 dente
1492 927 1816 978 conchauetubi
1827 926 2016 977 mendo‘

677 990 718 1040 se
732 996 776 1039 in
789 991 992 1055 pluribus
1004 989 1235 1039 codicibus
1246 991 1377 1037 dente
1391 1004 1597 1040 concauo
1608 992 1791 1055 legitur:

699 1074 754 1118 -μ-
775 1094 860 1113 ft„
878 1081 881 1085 -
929 1069 938 1139 ἦ
948 1054 1086 1102 Harii
1100 1055 1159 1102 ab
1172 1057 1281 1103 urbe
1292 1058 1375 1115 tyri
1386 1055 1728 1106 chattatuifloria
1743 1057 1898 1118 magni
1921 1054 2020 1103 Alea

699 1123 717 1134 ”
755 1129 822 1182 “1''
852 1123 920 1173 „s”
950 1117 1105 1167 xandri
1120 1130 1335 1183 repertam
1361 1131 1492 1169 autor
1505 1120 1561 1168 est
1574 1116 1662 1168 M.
1678 1119 1823 1168 Varro
1833 1117 2016 1168 condita

783 1207 834 1241 ,με
866 1179 899 1244 ·;’
947 1186 993 1229 in
1009 1196 1191 1248 aegypto
1208 1182 1494 1232 Alexandria:
1507 1194 1635 1233 antea
1650 1183 1901 1232 chartarum
1917 1181 2022 1230 usus

290 1249 412 1302 Folia
423 1247 584 1297 chartae
699 1245 854 1280 ῑ
953 1259 1048 1296 non
1064 1248 1182 1295 fuera
1190 1248 1478 1296 t.Palmarum
1493 1246 1607 1297 soliis
1621 1250 1770 1311 primo
1780 1245 2020 1310 scriptitan‘r

681 1310 874 1358 estunde
886 1310 944 1358 ad
958 1311 1076 1359 hanc
1089 1310 1182 1375 usq3
1196 1311 1314 1358 diem
1331 1311 1439 1360 folia
1451 1313 1614 1360 chartae
1629 1310 1818 1359 dicimus
1832 1309 2018 1362 :deinde

678 1373 965 1437 quarundam
981 1377 1193 1424 arborum
1207 1375 1485 1438 librisepostea
1502 1379 1545 1422 δι
1562 1375 1782 1438 plumbeis
1795 1375 2018 1424 uolumini

680 1439 767 1485 bus
783 1451 1082 1488 monumenta
1097 1440 1272 1501 publica
1285 1456 1296 1487 t
1309 1454 1419 1488 mox
1446 1443 1491 1487 &
1518 1444 1688 1502 priuata
1700 1438 1840 1487 linteis
1853 1437 2016 1488 confici

286 1501 457 1550 Chatta
470 1499 594 1566 apud
681 1513 831 1564 coepta
846 1512 923 1550 aut
937 1507 1057 1550 caeris
1069 1538 1081 1550 .
1098 1501 1236 1565 Apud
1263 1517 1348 1550 nos
1365 1502 1500 1553 hodie
1510 1503 1662 1551 charta
1673 1518 1697 1550 e
1707 1503 1828 1549 lineis
1842 1504 2016 1550 canabi!

315 1579 404 1618 nos
681 1564 790 1629 nisffl
803 1570 928 1628 panis
941 1568 1162 1614 ueteribus
1176 1570 1218 1612 &
1232 1570 1367 1614 atritis
1381 1565 1768 1629 producitur.Sedi
1781 1569 1825 1611 in
1840 1565 2019 1616 frustula

594 1672 597 1675 .
679 1644 800 1692 aqua
812 1628 996 1692 inspersa
1007 1644 1083 1691 per
1095 1629 1597 1678 dies-ximaceranturt&
1611 1634 1656 1677 in
1667 1628 1753 1692 pila
1764 1633 1946 1693 aquaria
1991 1633 2022 1691 ἰν,

680 1695 731 1742 lis
745 1691 912 1741 ferratis
924 1695 1133 1740 minutim
1146 1691 1316 1741 contuli
1329 1692 1478 1742 addita
1493 1695 1613 1742 calce
1622 1696 1668 1741 in
1678 1694 1858 1742 alteram
1871 1695 1957 1743 treis
1978 1708 2021 1742 et

681 1768 837 1805 runtur
851 1771 862 1806 ε
876 1768 1110 1820 exemptos
1126 1756 1288 1804 deinde
1299 1759 1344 1803 in
1357 1761 1540 1821 aquaria
1553 1760 1659 1807 tinia
1673 1772 1778 1806 cum
1792 1755 2016 1820 posuerint

681 1820 841 1869 formis
853 1836 1023 1886 aquam
1047 1821 1392 1869 trasmitentibus
1407 1828 1451 1868 in
1462 1819 1630 1885 singula
1645 1821 1883 1869 extrahunt
1892 1820 2016 1872 folia:

680 1900 785 1948 quae
800 1886 933 1935 laneis
944 1887 1106 1947 pannis
1115 1884 1361 1933 alternatim
1375 1887 1546 1948 ingestis
1558 1886 1703 1948 ptoelo
1716 1882 2019 1934 calcaturzaedis

680 1949 831 2015 sicioq3
844 1949 902 1998 ad
917 1950 963 1999 id
977 1949 1132 2011 patulo
1143 1952 1262 2011 prius
1272 1947 1550 1999 siccatazmox
1561 1948 1737 2012 glutino
1747 1946 1865 1997 facto
1874 1962 1927 1997 ex
1943 1949 2013 2014 pel

678 2011 789 2061 lium
804 2013 1045 2079 quisquiliis
1057 2011 1144 2061 siue
1157 2017 1484 2076 ramentisequae
1496 2016 1662 2062 coriarii
1676 2015 1718 2060 &
1734 2014 2017 2064 membrana!

679 2082 726 2126 rii
741 2090 965 2141 reponunt
977 2076 1036 2125 ad
1048 2078 1139 2126 hfic
1153 2076 1542 2125 usumzferuefaffls
1557 2075 1892 2125 intindazrursus
1903 2077 2013 2127 sicca

681 2153 726 2189 ta
743 2145 788 2190 δι
802 2146 920 2194 uitro
931 2144 1120 2206 leuigata
1133 2139 1349 2204 aptiffima
1364 2140 1609 2188 redduntur
1619 2140 1678 2190 ad
1692 2139 1947 2190 tolerandos
1961 2156 2013 2192 ca

290 2203 550 2255 parmenses
679 2205 888 2256 lamosz&
901 2217 1200 2257 atramentum
1213 2217 1309 2254 non
1321 2203 1707 2254 transmittendum
1722 2221 1734 2252 ι
1748 2206 1799 2252 ln
1813 2204 1904 2254 hoc
1917 2207 2017 2254 Part

326 2271 491 2317 chartae
681 2271 850 2318 menses
864 2273 1028 2321 cbartae
1041 2268 1119 2318 sibi
1131 2272 1424 2332 principatum
1437 2267 1845 2320 uenditarunt:cum
1859 2272 1902 2315 in
1918 2282 2017 2317 cane

289 2335 516 2384 Fabtianae
682 2333 791 2383 dore
804 2348 892 2397 prae
903 2339 1065 2385 caeteris
1076 2335 1301 2383 Fabtianae
1316 2334 1716 2384 commendentur.
1731 2336 1878 2383 Prima
1891 2336 2013 2382 enim

326 2399 490 2446 chattae
682 2399 845 2446 chartae
860 2400 988 2449 datur
1001 2396 1207 2448 adoreatsi
1218 2411 1312 2447 non
1327 2398 1383 2446 est
1396 2399 1546 2447 bibula
1575 2400 1620 2446 8(
1632 2407 1931 2446 atramentum
1944 2401 2011 2446 n6

291 2462 454 2513 Bibula
468 2460 620 2512 charta
681 2460 971 2529 sorbetequod
981 2462 1004 2511 s
1000 2479 1012 2512 1
1027 2464 1153 2514 fuerit
1166 2461 1345 2514 ficcidae
1356 2462 1645 2530 scripturaeque
1659 2461 1769 2514 fiant
1782 2462 1918 2513 liturae
1930 2465 2010 2514 erit
