2148 3068
232 269 448 332 capones

233 329 414 382 Maialis

236 396 509 444 cantherius

230 460 410 507 Vetuex

237 524 385 588 &Pet

228 1160 443 1211 Cucurire

227 1228 423 1278 Casttata
434 1222 511 1288 pia

229 1415 469 1469 Dfflchon

229 1669 466 1725 Iurundae

229 1862 551 1915 [oculanienta

229 2116 511 2181 Hypenemia

232 2182 452 2245 Ziphyria

233 2244 419 2294 Gallinae

229 2308 428 2374 pumiliae

1118 155 1330 207 LIBER.
1488 157 1537 206 .i.

830 311 839 316 -
852 282 878 328 i'-
898 267 936 313 Α
943 267 986 329 pi
999 264 1087 314 liue
1100 281 1296 331 capones
1307 267 1407 333 galli
1420 267 1644 332 gallinacei
1658 266 1822 316 castrati·
1835 266 1973 315 dicun

871 327 880 343 ⁶
898 342 968 377 tur
989 342 1037 377 ut
1059 329 1202 380 scribit
1216 366 1228 378 .
1243 330 1312 380 M.
1328 332 1474 382 Varro
1498 335 1542 380 &
1565 333 1816 382 Columella
1831 346 1843 381 z
1857 329 1971 382 diffe

900 406 1000 442 runt
1013 409 1120 457 ergo
1132 410 1155 442 a
1168 395 1315 459 gallis:
1329 407 1376 444 ut
1390 398 1556 445 maialis
1570 410 1594 445 a
1607 410 1726 445 uerte
1738 414 1747 445 t
1760 395 1976 445 Cantheri

897 471 950 503 us
964 460 1022 504 ab
1031 472 1154 520 equo
1164 457 1425 508 admissario:
1439 460 1612 509 Vetuex
1627 463 1686 509 ab
1699 466 1850 509 arietet
1866 461 1910 508 δι
1923 473 1978 508 ca

623 535 699 584 per
711 523 768 568 ab
785 521 911 568 lii'rco
926 539 938 570 ε
955 523 1012 567 At
1027 525 1070 566 in
1083 522 1190 568 cibis
1203 527 1414 586 gratiores
1429 520 1529 571 sunt
1540 537 1696 589 utpote
1710 537 1888 576 remoto
1901 538 1985 571 uet⁴

624 589 736 630 neris
750 583 807 631 ul*
802 600 830 631 u
845 584 944 632 faeti
958 588 1214 648 pinguiores
1229 588 1274 634 &
1287 585 1534 637 salubrioris
1549 592 1833 639 nutrimenti:
1849 585 1971 637 Μετ’

623 650 733 695 tizlis
748 652 791 694 in
818 649 965 696 Xeniis
979 650 1080 696 :Ne
1091 649 1226 696 nimis
1251 650 1465 698 exhausto
1486 650 1764 700 macresceret
1789 658 1833 707 in
1869 657 1973 700 uine

624 711 766 777 gallus
780 710 922 760 amisit
933 712 1053 760 testes
1066 723 1185 759 nunc
1201 714 1312 760 milii
1323 713 1463 778 gallus
1475 717 1562 762 erit:
1575 714 1739 762 Plinius
1751 718 1824 765 De
1844 729 1974 765 inunt

624 790 778 824 canere
802 775 966 824 castrati
980 797 992 828 =
1004 774 1134 840 quod
1161 775 1345 827 duobus
1370 776 1421 824 fit
1432 776 1584 827 modis
1596 794 1608 827 ε
1620 779 1785 828 lumbis
1809 779 1971 828 adustis

589 891 609 907 .
629 838 849 888 candente
864 838 978 890 ferro
990 858 1001 890 t
1013 851 1090 889 aut
1103 844 1204 890 imis
1215 844 1544 892 eruribusrmox
1557 841 1698 890 ulcere
1711 844 1857 893 oblito
1872 843 1968 909 figli

623 915 682 952 na
697 914 836 954 craeta:
853 903 1020 951 facilius
1032 908 1088 952 ita
1101 904 1406 972 pinguescunt:
1420 907 1668 955 Aristoteles
1681 908 1868 957 historiae
1881 906 1970 956 anil

626 969 813 1016 malium
839 981 967 1017 nono
991 969 1247 1018 Castrantur
1291 970 1483 1020 allinacei
1497 981 1619 1034 parte
1641 969 1879 1022 nouissima
1905 971 1969 1021 sui

622 1031 711 1080 alui
724 1047 826 1096 quae
839 1047 943 1080 cum
958 1044 1123 1083 coeunt
1136 986 1328 1084 concffiit
1342 1053 1353 1083 :
1369 1035 1488 1099 hanc
1501 1039 1620 1082 enim
1638 1035 1669 1082 si
1697 1037 1880 1086 duobus
1894 1049 1973 1085 aut

623 1098 764 1145 tribus
779 1095 1054 1146 ferramentis
1068 1097 1285 1147 adueseris
1307 1113 1446 1162 capos
1458 1098 1590 1148 facies
1601 1115 1613 1146 r
1624 1100 1811 1161 perfede
1822 1101 1971 1150 castrat

627 1162 681 1208 tis
694 1161 810 1209 crista
832 1161 1078 1224 pallescit&
1093 1162 1170 1225 ipsi
1192 1167 1405 1211 cucurrit:
1429 1161 1655 1212 desinunt:
1669 1176 1771 1229 neq
1783 1177 1878 1212 rem
1900 1178 1973 1212 net

623 1237 803 1276 neream
828 1228 1244 1288 repetuntecastrata
1268 1239 1420 1276 autem
1434 1230 1588 1277 omnia
1611 1228 1850 1293 audioraq
1874 1241 1972 1278 non

623 1291 802 1338 castrata
814 1290 1085 1341 euaduntffi
1108 1291 1231 1355 gallis
1244 1290 1369 1354 apud
1382 1305 1469 1341 nos
1495 1289 1653 1339 euulsis
1668 1291 1867 1340 testiculis
1889 1306 1968 1356 per

622 1355 859 1465 gorgiegora
876 1354 1061 1407 modico
1075 1355 1255 1404 uulnere
1268 1370 1463 1422 capones
1478 1355 1615 1406 siunt:
1630 1358 1748 1406 Hinc
1770 1358 1970 1407 nostrum

661 1434 673 1464 i
710 1433 746 1465 ic
784 1431 861 1467 on.

623 1482 706 1529 Pin
741 1487 839 1531 nior
852 1494 901 1530 ut
914 1480 1066 1533 fierem
1081 1483 1271 1549 dempsit
1282 1484 1485 1551 genitalia
1499 1483 1668 1533 lumbis

628 1545 706 1594 Ru
744 1546 966 1613 icatsumffl
983 1563 1263 1613 capusrantea
1278 1550 1420 1614 gallus
1432 1564 1571 1597 eram.

622 1609 921 1674 Piuguescunt
944 1625 1094 1660 autem
1111 1616 1216 1661 milii
1230 1615 1368 1661 farina
1383 1628 1491 1661 cum
1517 1610 1646 1661 melle
1660 1610 1884 1675 presertim
1897 1628 1910 1664 e
1922 1616 1969 1664 &c

621 1673 828 1722 rutundis
851 1677 896 1722 in
909 1678 1013 1726 cibo
1038 1676 1152 1725 datis
1165 1691 1176 1726 ε
1189 1679 1320 1725 Nam
1346 1678 1513 1729 Plinius
1540 1692 1596 1726 eo
1620 1681 1807 1726 nomine
1833 1690 1968 1727 uocat

621 1738 819 1849 Βυείςεῗις
832 1741 1000 1802 quibus
1012 1740 1164 1790 farcire
1175 1739 1416 1810 saginareq3
1437 1742 1647 1810 gallinas:
1660 1739 1828 1791 anseres
1842 1745 1886 1791 &
1900 1756 1968 1792 ca!

620 1815 707 1866 pos
737 1817 768 1850 o
784 1816 928 1852 emus.

657 1881 836 1911 -;····-·
976 1870 983 1881 ”
1187 1871 1197 1883 ·
1430 1870 1440 1881 ·
1573 1867 1617 1915 ul
1723 1871 1786 1915 ni·
1861 1875 1866 1880 “
1960 1883 1969 1900 ·

656 1898 703 1946 ‘⁸‘
832 1918 866 1977 2·
897 1867 1964 1997 ἓέἔὲῗῇἳὲὛέῆἓὲξέἳὲῖἑὲεὲῖἑεέῗῡέιὼἑῗέἓῧ

665 2038 667 2042 i
698 1979 788 2058 ‘g
828 1999 863 2049 Α,
883 2004 889 2013 “
899 2003 1077 2062 pariunt
1102 2002 1293 2062 praeteri}
1328 1996 1512 2045 duobus
1536 1996 1763 2045 mensibus
1789 1998 1967 2059 hyemis

661 2049 725 2097 ,Χ-
739 2057 758 2062 ‘
831 2061 890 2095 '⁹0
903 2063 1173 2110 ramalibus
1189 2060 1304 2111 :Sed
1319 2074 1414 2109 non
1424 2063 1580 2108 omnia
1592 2059 1650 2109 ad
1663 2061 1835 2124 prolem
1848 2074 1967 2126 apta:

620 2137 803 2190 egerunt
816 2139 971 2191 namcg
993 2129 1112 2173 irrita
1126 2129 1162 2189 <1
1187 2125 1377 2188 plurima
1402 2139 1506 2189 quae
1518 2138 1542 2170 a
1555 2130 1707 2189 graecis
1727 2127 1966 2189 Hyppenet

621 2194 710 2237 mia
725 2187 848 2254 quasi
863 2188 1204 2238 subuentaneata
1216 2190 1358 2237 latinis
1375 2189 1586 2251 zephyria
1599 2188 1828 2238 dicuntur:
1843 2195 1885 2238 &
1902 2191 1968 2239 mi

620 2265 731 2302 nora
747 2258 790 2301 &
805 2257 954 2308 minus
968 2253 1178 2302 iuncundi
1192 2250 1373 2316 saporis:
1386 2251 1600 2316 quaedam
1613 2257 1821 2316 geminos
1835 2255 1968 2303 inclut

622 2317 735 2364 dunt
750 2316 924 2365 uitellos
950 2318 1256 2367 pumilionum
1272 2329 1414 2382 genus
1427 2316 1720 2365 foecunditate
1733 2318 1939 2367 laudatur
1950 2335 1969 2369 z

622 2382 867 2428 Aristoteles
883 2380 1531 2434 hist.animalium.vi.Adrianae
1545 2380 1717 2445 gallinae
1731 2385 1874 2447 inquit
1885 2397 1966 2447 pat

621 2458 684 2490 uo
699 2443 880 2506 quidem
897 2444 996 2493 sunt
1010 2461 1195 2510 corpore
1208 2445 1281 2494 sed
1292 2443 1512 2510 quottidie
1523 2448 1818 2508 pariuntenam
1833 2446 1967 2510 quod

623 2509 893 2559 incremento
907 2516 1104 2574 corporis
1118 2511 1230 2561 deest
1244 2514 1289 2560 in
1303 2521 1632 2577 excrementum
1646 2509 1852 2562 seminale
1866 2513 1970 2578 exiit
