2148 3068
253 917 409 968 S6nus
421 924 582 980 gtaece.

263 1871 394 1934 Dierss
406 1870 512 1920 noia
523 1883 549 1919 a

291 1937 478 2002 planetis

259 2324 450 2381 Homeri
461 2324 540 2391 qui

647 252 693 301 H
709 255 1013 314 ypnomantes
1057 258 1164 295 taece
1176 243 1469 295 somniatores
1481 243 1800 312 coniet‘lotesq:
1815 245 1992 310 hypnot

707 317 877 363 mantia
890 325 958 359 ars
973 313 1017 373 ip
1038 308 1267 374 atquando
1277 324 1330 357 ex
1341 309 1560 374 somnioyc
1573 315 1927 376 interpretatione
1939 309 1992 358 su

709 391 804 426 tuta
818 377 916 423 sunt
930 377 1008 436 qui
1021 372 1252 436 praedicere
1263 374 1380 423 uelit:
1394 387 1442 422 ut
1451 378 1559 426 olim
1573 378 1869 427 Domitianus
1879 374 1995 424 Caes.

708 455 851 505 quem
866 453 917 485 ex
931 438 1111 487 somnio
1123 439 1281 486 Gibbae
1293 436 1370 486 sibi
1383 452 1504 502 pone
1517 442 1684 489 ceruice
1697 443 1826 489 aurea
1850 450 1993 488 enatae

708 518 795 569 pro
809 514 928 551 certo
941 500 1087 549 ferunt
1099 498 1555 557 habuissetbeatiorem
1569 507 1667 569 post
1679 504 1720 553 se
1731 504 1993 567 laetioremcn

707 566 915 633 portendi
940 564 1186 629 reipublicae
1199 567 1309 614 statu
1322 586 1335 618 ς
1350 570 1393 614 &
1410 569 1674 635 pithagoras
1683 584 1736 618 ex
1761 569 1992 619 insomniis

712 647 816 695 quae
830 644 908 695 per
920 634 1116 692 quietem
1131 624 1334 675 uidissent
1345 628 1601 695 discipulo&
1610 633 1732 694 suoye
1747 636 1921 698 ingenia
1937 645 1994 693 p*

711 698 849 744 babat
864 706 913 742 ut
927 708 941 730 ν
957 695 1090 742 Pluto
1115 696 1161 740 in
1178 695 1398 740 conuiuiis
1421 703 1510 761 atq3
1524 708 1636 760 potu
1648 715 1662 738 ι
1675 697 1923 746 Aristoteles
1937 709 1991 744 ex

711 758 806 824 ipso
820 758 1024 807 sermone
1040 761 1082 805 δι
1099 757 1250 805 redius
1261 755 1587 820 quidemsunde
1610 762 1813 812 Socrates
1825 761 1993 811 decoro

711 821 976 876 adolescenti
989 821 1139 870 diutile
1152 824 1311 869 tacenti
1323 832 1373 869 ut
1384 833 1426 869 te
1437 822 1619 871 uideam
1631 827 1777 889 inquit
1790 824 1957 889 aliquid
1969 839 1994 873 e

710 888 904 953 loquere:
921 888 1117 950 Hypnos
1165 888 1421 939 raecetnobis
1433 891 1584 950 primo
1597 889 1799 950 Symnus
1812 907 1823 927 t
1834 903 1946 942 mox
1962 907 1992 952 γ

710 954 846 1003 littera
858 953 874 1001 i
887 962 1106 1002 otmutata
1136 963 1305 999 omnus
1319 951 1563 1015 appellatus
1576 952 1753 1002 audore
1765 950 1995 1007 Gelliaxm

708 1022 835 1082 quies
849 1018 904 1065 est
919 1011 1312 1080 placidiffimatsed
1325 1019 1481 1065 mortis
1494 1014 1881 1083 imagficulazunde
1893 1031 1996 1080 graet

707 1089 766 1132 cis
784 1097 961 1133 uas-voo-
973 1096 1101 1140 εστι
1121 1092 1314 1148 pungor
1328 1086 1581 1136 ῡοινσιτοο·
1596 1081 1892 1133 :somnusest
1907 1086 1997 1129 bret
2026 1136 2028 1139 f

710 1151 777 1196 uis
794 1148 1068 1197 mormieltxti
1083 1160 1206 1194 mors
1218 1145 1308 1207 ipsa
1320 1147 1377 1195 est
1388 1145 1667 1212 longiffimus
1680 1143 1884 1194 somnus:

644 1208 692 1255 H
706 1227 809 1276 arpe
822 1213 1005 1261 falcatus
1019 1208 1127 1258 ensis
1141 1221 1190 1258 ut
1202 1211 1312 1260 olim
1326 1211 1883 1275 Perseiffiucanus‘Hatpen
1896 1209 1996 1257 alto

710 1282 799 1326 tius
814 1277 963 1324 mostri
975 1278 1013 1324 ὶεῑ
1026 1273 1131 1322 cede
1145 1276 1299 1322 rubere
1311 1276 1616 1342 Galeo:Harpe
1630 1276 1800 1325 humor
1812 1288 1865 1323 ex
1877 1271 1998 1323 flaua

710 1342 784 1390 bili
800 1355 961 1404 corpus
975 1351 1124 1388 totum
1139 1343 1314 1401 corripit
1331 1340 1452 1389 unde
1463 1354 1636 1391 nomen
1661 1341 1795 1403 Arpae
1806 1341 1915 1389 inter
1936 1342 2000 1386 int

709 1406 948 1453 strumenta
963 1402 1127 1451 musica
1143 1405 1201 1450 ab
1220 1405 1349 1465 Arpis
1363 1417 1412 1450 ut
1425 1407 1585 1455 uolunt
1597 1405 1905 1452 inuentoribus
1917 1415 1999 1452 nos

711 1474 835 1519 mine
845 1479 1029 1531 accepto
1045 1463 1294 1514 Martianus
1306 1468 1489 1532 Capella
1512 1472 1643 1533 Arpis
1656 1465 1880 1531 bombisq3
1906 1481 2001 1531 petr

711 1537 943 1583 teritartam
958 1531 1231 1582 intoleranda
1245 1527 1547 1599 congressione
1560 1537 1688 1597 uirgo
1702 1528 1899 1595 diffugit:

643 1599 692 1648 H
706 1597 873 1649 ediol'm
881 1613 931 1645 us
944 1610 1095 1646 menta
1118 1598 1176 1645 ab
1187 1597 1339 1646 odoris
1363 1598 1575 1646 suauitate
1587 1617 1609 1648 0
1623 1602 1750 1656 aare·
1769 1592 1913 1644 suauis
1939 1598 2000 1644 iu'

705 1662 882 1711 cundus
897 1681 917 1712 n
937 1667 1143 1716 κλιτκσ·
1157 1660 1348 1710 suauitas
1360 1659 1647 1710 iucunditass

643 1728 692 1776 H
706 1726 986 1778 ebdomades
1002 1726 1173 1775 dierum
1187 1728 1232 1773 δε
1245 1738 1473 1776 annorum
1484 1726 1676 1776 dicimus
1688 1740 1714 1774 a
1735 1735 1929 1772 numero
1940 1720 1999 1769 ser

709 1794 963 1856 ptemnario
986 1805 1124 1856 quem
1137 1793 1268 1856 graeci
1290 1790 1587 1842 hebdomada
1609 1800 1777 1840 uocant
1788 1798 1838 1837 ut
1867 1797 2000 1837 notat

711 1855 876 1905 Gellius
899 1856 1013 1906 libro
1029 1859 1156 1904 tertio
1168 1890 1181 1903 .
1195 1856 1306 1903 Dies
1320 1867 1471 1905 autem
1496 1854 1698 1920 aseptem
1712 1853 1896 1918 planetis
1919 1863 2001 1900 not

710 1925 836 1970 mina
859 1931 1121 1985 acceperunt
1142 1936 1156 1967 :
1181 1921 1358 1967 Primus
1380 1920 1701 1970 Constantinus
1724 1915 1875 1966 Cael'ar
1898 1912 2001 1964 solis

712 1986 833 2098 die¹m
849 2002 862 2026 t
877 1987 1177 2036 Dominicum
1190 1999 1204 2022 ν
1216 1985 1397 2034 Saturni
1421 1984 1659 2035 sabbatum
1682 1978 1907 2031 mutando
1917 1991 1992 2043 ape

747 2066 769 2099 e
785 2052 902 2101 lauit:

648 2117 696 2165 H
710 2064 918 2180 spolians
931 2112 1192 2164 subsistentia
1203 2112 1472 2176 quibusdam
1488 2113 1578 2163 hoc
1589 2112 1645 2161 est
1658 2108 1888 2160 indiuidua
1901 2105 2000 2156 sub)

715 2182 868 2229 stantia
881 2178 1122 2228 Personam
1139 2175 1292 2226 dicunt
1304 2177 1663 2243 TheologitSunt
1677 2180 1720 2226 δι
1737 2173 1918 2224 medicis
1930 2173 2000 2220 uri

715 2257 876 2293 narum
895 2240 1142 2308 Hypostal‘e
1151 2256 1186 2293 s:

652 2309 699 2357 H
713 2323 893 2360 omeros
909 2310 1070 2357 cumei
1094 2310 1137 2355 δι
1157 2307 1285 2355 lones
1298 2303 1437 2353 oculis
1453 2315 1608 2367 captos
1621 2304 1917 2365 nucupnntsq,
1931 2301 1997 2352 ho

718 2375 947 2438 meriszqui
958 2371 1057 2420 sunt
1071 2373 1229 2420 itineris
1245 2368 1584 2433 ducesoegeatzut
1596 2368 1707 2419 olim
1720 2364 2001 2432 Asclepiades

716 2438 940 2499 puerotalii
953 2433 1312 2499 catellotquidam
1325 2433 1548 2498 Scipione:

655 2500 701 2550 H
714 2504 990 2555 ierocomion
1013 2498 1246 2567 Leprosoyr
1269 2497 1469 2549 dicemus
1481 2499 1586 2555 loct‘t
1596 2497 1728 2548 Hiera
1741 2496 1859 2561 lepra
1868 2508 2000 2559 κομς.
