2148 3068
279 401 551 452 Meuianum

275 468 464 517 Tectum

284 849 495 896 Domata

276 911 449 961 Solaria

284 1161 564 1217 Architefius

283 1236 324 1281 A
341 1231 610 1297 gramaticus

285 1300 326 1345 Α
345 1293 498 1345 musos

280 1551 589 1615 Aniatrologet

287 1627 360 1667 tos

288 1808 394 1857 Pilae

291 1872 538 1937 parastratae

291 2125 497 2191 Capreoli

292 2381 545 2429 Parastratae

1159 97 1359 150 LIBER.
1491 105 1498 144 .’
1617 97 1690 148 ,tL

666 209 956 276 gnationibus
972 207 1103 271 'tigna
1118 210 1164 256 &
1178 224 1283 259 axes
1295 208 1376 260 sub
1389 209 1506 258 teflis
1531 207 1562 257 si
1574 211 1745 259 maiore
1755 205 2013 273 spatiosum

668 275 910 324 &transtra
927 275 971 320 δέ
986 272 1218 333 capreola-ri
1231 273 1481 324 commoda
1495 275 1704 324 columen
1719 278 1764 322 δέ
1779 271 2011 321 cateriizsed

670 343 715 387 δι
732 338 873 385 sedilia
887 341 933 382 in
947 338 1157 383 manibus
1171 338 1261 386 hoe
1272 343 1459 387 nomine
1470 338 1816 403 fignificamuszfi
1828 340 1949 400 tigna
1963 348 2018 382 ex

668 414 733 450 tra
746 401 979 450 columnas
993 401 1038 446 δι
1053 400 1234 459 parietes
1248 403 1541 450 extendantur
1564 399 1832 450 Meuianum
1848 403 2016 448 faciunt

668 482 767 530 quo
777 478 936 528 genere
946 462 1161 512 structurae
1176 463 1391 527 superiora
1403 467 1686 527 ampliantur:
1701 464 1884 513 Meuius
1899 463 2018 511 inuit

670 543 741 578 tor
756 529 810 577 illi
822 539 993 577 nomen
1006 526 1231 589 imposuit.
1242 531 1429 576 Tectum
1444 543 1552 579 uero
1564 528 1707 592 ipsum
1722 545 1822 577 eam
1836 531 2013 594 proprie

670 606 843 657 partem
858 600 985 640 notat
997 603 1101 652 quae
1127 590 1323 640 domum
1336 592 1526 654 tegitsed
1538 607 1622 656 pro
1645 594 1846 642 uniuersa
1864 594 2013 643 domo

644 682 647 683 ⁷
668 658 868 721 saepicule
879 657 1070 717 ponitur:
1083 668 1167 718 pro
1177 659 1305 703 omni
1317 658 1422 704 loco
1433 654 1666 717 usurpatur
1678 662 1722 704 in
1734 673 1831 721 quo
1845 658 1940 704 teffl
1953 656 2016 703 ha

672 726 809 770 bitare
822 717 1057 783 possumus
1077 718 1354 785 cuiuscumq3
1364 719 1537 767 caeleiiis
1550 722 1714 768 iniuriae
1728 719 1861 768 secuti
1885 720 2018 768 dum!

670 784 819 834 modo
832 798 914 831 nec
928 782 1099 830 fulmen
1111 795 1317 847 erumpat
1330 797 1410 831 nec
1424 793 1553 831 ruant
1565 785 1920 833 molares:Diuus
1933 786 2018 833 Hie

672 863 873 909 ronymu
884 862 903 894 s
931 849 1138 897 Domata
1153 848 1261 897 tecta
1273 847 1405 912 plana
1421 850 1466 896 δι
1479 845 1631 896 solaria
1643 851 1751 897 inter
1786 859 1957 896 teratur:
1970 849 2014 894 A
2075 859 2086 867 ·

669 915 784 963 tecto
795 913 1054 961 architectos
1069 910 1351 976 dicimustqui
1363 914 1504 976 probe
1516 915 1682 961 norunt
1696 863 1879 961 aeAEficia
1893 910 2022 974 dispo

669 979 834 1028 nere:hi
847 975 928 1025 sint
941 977 1140 1039 pluribus
1154 975 1384 1041 disciplinis
1396 976 1715 1026 ornatizlitteras
1729 978 1785 1024 ha
1792 979 1925 1025 beant
1939 988 2022 1023 nec

669 1042 858 1107 quidem
883 1044 1016 1088 nimis
1037 1041 1246 1091 triuiales:
1261 1040 1445 1090 calleant
1467 1045 1760 1105 geometricas
1784 1038 2023 1089 dimensio*

669 1120 770 1156 nes:
784 1106 1107 1154 arithmetricen
1120 1108 1253 1168 ’prius
1279 1104 1443 1156 edosti:
1457 1116 1635 1154 teneant
1660 1104 1940 1168 astrologicas
1963 1117 2027 1151 rae

672 1175 818 1227 tiones
831 1187 856 1218 a
869 1185 917 1217 m
927 1168 1042 1216 usica
1058 1170 1277 1219 medicina
1298 1171 1461 1234 pietura
1473 1182 1570 1220 non
1582 1169 1735 1218 alieni:
1748 1168 2024 1217 Architectus

673 1230 796 1285 enim
823 1248 918 1283 non
935 1234 1067 1281 debet
1083 1248 1170 1287 nec
1183 1237 1322 1298 potest
1337 1228 1420 1282 eise
1443 1237 1764 1298 grammaticus
1777 1244 1827 1281 ut
1849 1232 2028 1281 Aristart

674 1298 875 1349 chusxsed
889 1312 984 1347 non
998 1303 1441 1361 agrammaticusmec
1454 1296 1646 1345 musicus
1659 1309 1709 1345 ut
1724 1298 2026 1347 Aristoxemus

675 1364 751 1415 sed
765 1365 864 1411 teste
884 1364 1015 1408 Vitru
1028 1397 1040 1409 .
1056 1375 1151 1411 non
1163 1361 1361 1411 Amusos
1374 1375 1385 1410 t
1399 1376 1479 1409 nec
1493 1363 1629 1423 pictor
1653 1373 1702 1409 ut
1717 1360 1923 1424 Appelles
1948 1359 2024 1409 sed

675 1425 922 1493 graphidos
935 1439 1031 1477 non
1046 1431 1272 1489 imperitus
1286 1443 1298 1475 ε
1312 1440 1394 1473 nec
1406 1424 1559 1488 plastes
1573 1438 1621 1472 ut
1636 1440 1800 1487 myron
1814 1425 1885 1473 seu
1900 1425 2026 1488 polyt

677 1492 828 1542 cletus:
841 1489 913 1538 sed
927 1494 1107 1539 rationis
1118 1492 1302 1554 plasticae
1315 1502 1411 1540 non
1424 1493 1617 1555 ignarus:
1628 1489 1877 1553 necadenuo
1892 1487 2030 1537 medis

677 1572 757 1605 cus
768 1554 1166 1620 quemadmodum
1195 1551 1598 1617 Hippocrateszsed
1611 1565 1707 1602 non
1730 1553 2025 1617 Aniatrologie

677 1633 772 1672 tus:
787 1633 867 1666 nec
878 1622 1040 1666 caeteris
1054 1618 1259 1669 doflrinis
1272 1615 1541 1681 singulariter
1565 1616 1800 1668 excellens:
1813 1615 1944 1675 sedin
1956 1619 2029 1665 his

678 1699 776 1734 non
792 1695 1039 1743 imperitus.

693 1753 706 1761 ⁴
791 1752 800 1757 ’
954 1747 1138 1795 lbicines
1149 1744 1167 1794 ἰ
1179 1744 1374 1794 aedificiis
1387 1746 1518 1810 tigilla
1531 1745 1632 1795 sunt
1643 1746 1776 1795 ueluti
1787 1746 1905 1794 Pillae
1917 1743 2027 1793 stelae

953 1825 1006 1859 ue
1019 1813 1064 1859 δέ
1080 1811 1301 1873 parastatae
1312 1811 1420 1860 testa
1435 1809 1710 1860 iuuatiazdifii
1721 1826 1746 1859 a
1757 1809 2037 1858 similitudine

952 1877 1065 1924 tibiis
1080 1875 1302 1923 canetium
1316 1886 1364 1922 ut
1378 1876 1837 1938 Pompsestaturtquia
1851 1874 1958 1922 sicut
1973 1873 2033 1920 ifli

838 1950 849 1968 ¹
870 1974 874 1977 -
951 1939 1123 1987 sustine‘t
1136 1951 1224 2003 atq3
1238 1941 1359 1987 iuuat
1372 1942 1565 1987 cantares
1580 1943 1636 1986 ita
1651 1938 1704 1985 illi
1718 1939 1920 1986 sustentat
1931 1938 2033 1985 aedit

681 2003 781 2054 ficia
795 2004 1229 2053 luueNos-colimus
1241 2004 1351 2050 urbe
1364 2008 1483 2051 tenui
1499 2005 1673 2050 tibicine
1684 2002 2028 2051 fultatliitextina

680 2084 824 2133 quorp
836 2071 1032 2117 tibicines
1046 2067 1207 2116 sunt:N
1214 2064 1288 2118 aso
1300 2068 1314 2115 i
1327 2066 1655 2116 sastisruersabat
1667 2070 1819 2116 statem
1842 2069 2032 2114 tibicine:

684 2138 747 2181 At
762 2133 952 2196 capreoli
965 2147 991 2182 a
1004 2130 1255 2180 similitudie
1267 2132 1517 2194 capreolo&
1527 2134 1694 2195 quibus
1710 2137 1820 2180 uites
1833 2135 1877 2179 &
1893 2143 2029 2186 cucur

683 2199 787 2246 bitae
802 2196 1035 2246 adhaerent
1048 2195 1302 2244 ramusculis
1315 2207 1440 2244 erunt
1455 2200 1578 2260 tigna
1591 2197 1752 2244 redum
1769 2201 2033 2244 cocatenant

687 2262 995 2311 tia.Parastatae
1007 2266 1115 2310 uero
1128 2264 1301 2326 proprie
1313 2271 1360 2308 ut
1373 2258 1561 2324 quid-am
1577 2260 1736 2310 uolunt
1746 2259 1913 2324 lapides
1922 2258 2030 2322 pilae

684 2339 786 2373 rum
799 2326 887 2373 fere
900 2323 1046 2374 modo
1059 2324 1245 2389 appositi
1259 2325 1612 2373 columnis-nam
1627 2328 1669 2372 δι
1685 2326 1777 2373 aliis
1791 2332 2031 2388 apponunt

685 2401 780 2436 tur:
797 2393 834 2435 A
851 2389 937 2452 pila
947 2390 1113 2453 opilare
1124 2391 1181 2437 est
1205 2390 1304 2438 Pilis
1317 2388 1551 2453 uelligneis
1573 2389 1841 2438 uellateritiis
1866 2387 2033 2447 rectum

687 2453 1045 2503 firmare.Seneca
1061 2466 1322 2507 terremotus
1335 2457 1479 2518 inquit
1488 2453 1598 2519 pilas
1613 2456 1824 2517 operibus
1837 2451 2035 2502 subditas
