2148 3068
294 221 478 274 Moreta
555 239 560 241 “

288 288 476 336 Ῑηῑῑηᾶι

289 353 570 401 Embamma

287 419 441 464 Inttita

290 483 548 543 Piperatum

284 547 528 606 Pinapium

285 611 486 658 Aliatum

287 670 588 735 Ompbacinfi

287 739 491 803 pistillum

288 1127 379 1177 Pila

290 1512 535 1563 Moletrina

288 1581 537 1628 Pistrinium

284 1643 495 1691 Assnatiae

293 1707 439 1756 Molae

290 1771 540 1821 Manuatiae
587 1767 593 1771 ’

289 1836 523 1884 Ttusatiles

294 1903 500 1949 Amilum

288 1967 473 2013 Catzlius

296 2028 424 2077 Metu

295 2090 587 2151 Chiromylos

299 2155 543 2219 Myloecon

292 2283 472 2332 Futnus

1035 113 1229 164 LIBER.
1274 123 1284 156 f
1459 116 1532 164 .ll.

681 225 897 270 mortariis
911 222 1126 289 pistolloq3
1139 227 1243 274 trito
1256 226 1399 275 minio
1412 238 1464 274 ex
1478 227 1827 279 acceto.l>lautus
1839 228 1883 277 in
1897 227 2016 276 anim

679 287 780 334 latia
794 304 804 334 .·
817 288 1022 333 Culttum
1035 287 1216 336 securim
1230 289 1432 352 pistillum
1448 296 1708 342 mortarium
1722 306 1824 357 quae
1849 291 2016 341 utenda

679 350 781 398 uasa
794 349 963 410 semper
976 355 1105 398 uicini
1118 365 1290 417 rogant.
1304 355 1538 406 Imortario
1549 362 1812 420 coquinario
1824 371 1876 404 ex
1892 355 2016 404 diuet

678 413 732 461 sis
746 416 875 460 rebus
888 412 1012 460 simul
1027 418 1133 462 tritis
1159 429 1458 481 moretavquae
1483 422 1685 468 intindus
1697 438 1709 470 ε
1723 424 1981 470 embamata
1993 453 2010 468 .

677 490 786 524 nam
799 492 822 526 ι
830 487 1080 539 supatru-rm
1099 483 1696 544 intingozintrita:intrimenta
1712 490 1755 533 &
1768 483 2014 549 protrimen

679 546 840 590 taeuarii
852 541 1078 605 saporis:&
1093 544 1252 592 coloris
1265 545 1537 609 plurifariam
1550 548 1833 600 condiuntur:
1844 548 1976 596 ueluti
1990 561 2017 594 a

676 608 829 667 Pipere
841 610 1096 670 piperatum
1108 608 1262 655 album
1279 612 1321 656 &
1336 607 1611 660 subruffum:
1624 614 1858 677 Sinapium
1871 628 1897 661 a
1910 611 2019 659 sinat

677 675 735 733 pi:
751 670 948 719 Aliatum
962 674 1022 719 ab
1034 673 1133 719 alio:
1148 674 1193 718 δι
1208 687 1305 734 quo
1317 685 1392 734 per
1406 674 1568 723 aestates
1579 679 1744 724 utimur
1754 683 1813 726 ab
1823 677 2019 739 Ompha

675 737 747 784 cio
768 736 1123 799 omphacinum:
1140 736 1345 784 Pistillum
1361 735 1505 798 ipsum
1527 751 1552 785 e
1576 736 1692 787 fetro
1703 742 1771 787 uel
1783 743 1907 804 ligno
1919 743 1995 787 erit
2014 755 2027 788 ε

675 813 773 862 quo
787 800 946 847 herbas
961 801 1088 863 Piper
1111 799 1265 848 Alium
1288 800 1517 865 iuglandes
1531 816 1542 850 τ
1555 805 1599 850 &
1614 802 1658 851 id
1671 818 1813 868 genus
1827 805 2017 866 plutima

675 867 811 925 coqui
825 867 868 910 δέ
882 865 1047 915 ancillae
1059 877 1191 914 terere
1204 865 1342 918 solent
1354 864 1414 914 ad
1425 866 1728 917 condimenta.
1745 867 1959 932 Vergilius
1973 871 2018 913 in

679 939 871 977 moreto.

680 992 877 1039 Dextera
888 993 1043 1056 pistillo
1053 998 1252 1060 primum
1265 996 1504 1061 fragrantia
1521 997 1663 1045 mollit

680 1054 891 1105 Alia:tuni
905 1063 1062 1122 pariter
1070 1065 1215 1111 mixto
1227 1064 1322 1110 terit
1335 1065 1491 1109 omnia
1505 1061 1651 1109 succo·

678 1121 769 1168 Pila
782 1124 888 1170 item
900 1128 943 1170 in
956 1140 1047 1188 qua
1062 1126 1115 1173 ali
1152 1126 1229 1174 uid
1241 1123 1599 1174 cuditurzplinius
1615 1124 1672 1172 de
1680 1135 1805 1174 auro:
1816 1123 1945 1186 quod
1955 1123 2016 1172 ad

677 1185 789 1246 pilas
811 1188 982 1237 cudunt
1008 1190 1120 1253 apila
1141 1190 1517 1239 eudem-uocant:
1531 1193 1637 1237 item
1651 1188 1850 1239 tonditur
1871 1194 1915 1236 in
1929 1189 2016 1252 pila

676 1247 840 1297 deinde
852 1257 973 1300 tenui
982 1258 1126 1305 cribro
1136 1255 1376 1303 secernitur:
1389 1255 1536 1320 postea
1550 1256 1734 1305 molitur
1743 1268 1796 1302 ac
1808 1251 1967 1303 deinde
1981 1264 2023 1300 te
2060 1280 2062 1283 v

677 1317 808 1362 nuius
823 1315 879 1364 sic
892 1320 1096 1367 cribatur.
1607 1322 1618 1335 ⁵

709 1400 713 1403 ⁵
732 1401 767 1414 -<
812 1412 815 1415 »
837 1388 862 1436 ῒ;
907 1414 909 1417 s
924 1426 927 1430 ,
942 1382 1045 1430 Olae
1068 1382 1276 1431 dicuntur
1287 1398 1332 1446 q>
1345 1384 1416 1431 his
1437 1382 1573 1431 ueluti
1586 1382 1789 1446 quadam
1815 1381 1938 1432 mole
1949 1393 2017 1429 res

842 1442 853 1448 ”
923 1452 927 1487 ι·
946 1449 1194 1497 minutatim
1210 1448 1509 1514 frangrantut:
1526 1453 1771 1510 praecipuus
1785 1447 1840 1494 est
1864 1461 2021 1494 earum

940 1510 1040 1558 usus
1053 1516 1097 1559 in
1112 1512 1346 1562 moletrina
1356 1511 1484 1576 quod
1496 1513 1724 1572 pistrinum
1737 1516 1910 1573 antiqui
1923 1527 1935 1560 ε
1951 1514 2023 1559 trit

740 1613 745 1621 .
795 1596 814 1608 ν
917 1580 924 1625 3
939 1575 1070 1623 uiales
1085 1591 1205 1624 nunc
1227 1577 1554 1625 molendinum:
1567 1579 1626 1624 ab
1638 1575 1780 1624 Asinis
1791 1574 1983 1624 asinatiae
1995 1590 2024 1625 a

679 1640 929 1690 maioribus
940 1639 1078 1689 difiae.
1094 1639 1235 1688 Molis
1248 1650 1433 1688 utuntur
1446 1644 1491 1688 8(
1506 1640 1709 1702 plurimae
1729 1637 1928 1688 officinae
1941 1654 2016 1691 co‘

676 1703 755 1762 qui
767 1704 899 1749 etiam
915 1703 973 1750 ad
987 1704 1207 1754 intinctus:
1219 1705 1290 1753 hae
1304 1708 1498 1753 minores
1510 1703 1738 1767 sunt:quas
1750 1719 1774 1751 a
1789 1717 1928 1752 manu
1945 1719 2021 1754 ma

677 1769 852 1812 nuntias
863 1784 874 1815 :
886 1782 911 1815 a
925 1765 1150 1817 trudendo
1163 1770 1371 1818 trusatiles
1384 1770 1660 1833 appellamus
1676 1766 1867 1815 Volsinae
1881 1779 1929 1814 ut
1940 1784 2021 1819 uot

678 1829 774 1875 lunt
788 1835 937 1892 primo
949 1836 1167 1880 inuentas:
1182 1833 1267 1881 Alii
1281 1834 1453 1883 molam
1468 1831 1598 1896 quod
1610 1847 1749 1897 gtaece
1764 1830 1923 1891 myios:
1937 1847 2020 1879 unv

677 1891 735 1940 de
750 1896 967 1956 Amylum
979 1894 1068 1944 sine
1078 1898 1202 1946 mola
1217 1899 1380 1947 fastum
1393 1912 1446 1945 ex
1461 1900 1601 1946 tritico
1614 1902 1658 1943 in
1671 1896 1804 1943 insula
1817 1896 1940 1944 Chio
1954 1899 2020 1960 pri

678 1973 761 2007 mo
774 1962 1007 2008 inuentum
1022 1965 1084 2010 :&
1099 1961 1374 2023 chiromylos
1386 1961 1508 2010 mola
1520 1959 1752 2009 manualis:
1768 1957 2018 2020 Myloecon

677 2038 821 2088 quocp
832 2024 983 2073 blattae
992 2039 1135 2090 genus
1149 2025 1304 2074 dicitur
1328 2025 1492 2074 Plinius
1502 2028 1607 2086 quia
1623 2024 1847 2077 molarum
1865 2024 1953 2071 fere
1967 2024 2018 2074 sit

677 2089 1047 2142 incola:Catillum
1062 2088 1328 2153 superiorem
1340 2103 1509 2138 metam
1533 2089 1783 2138 inferiorem
1799 2090 1932 2152 pollq’
1943 2091 2020 2140 sua

680 2156 794 2216 cuiq3
828 2151 1110 2203 neceslhrium
1135 2155 1190 2202 est
1204 2155 1308 2204 dare
1317 2157 1506 2205 nomina
1529 2156 1828 2205 uocitabimus
1842 2167 2023 2205 :autore

682 2218 824 2266 Paulo
834 2215 1128 2269 iureconsulto
1139 2254 1151 2268 .
1163 2219 1263 2283 Ego
1276 2231 1385 2267 ueto
1395 2221 1544 2282 potius
1556 2231 1727 2267 metam
1750 2217 2021 2281 ssiperiorem

684 2284 878 2330 catillum
891 2284 1144 2332 inferiorem
1166 2284 1352 2332 dixerim
1363 2317 1378 2330 .
1412 2282 1506 2330 Sed
1519 2287 1609 2330 iam
1625 2287 1670 2329 in
1698 2287 1892 2345 coquina
1916 2284 2019 2331 satis

682 2345 1079 2398 manfitauimuszin
1090 2363 1181 2411 qua
1195 2347 1378 2397 sumum
1391 2350 1523 2396 etiam
1536 2347 1790 2403 faciendum
1803 2341 1884 2395 esse
1896 2349 2028 2397 multi

688 2411 856 2458 uolere:
874 2416 916 2459 &
930 2412 988 2459 ad
1001 2426 1164 2474 panem
1186 2412 1480 2478 coquendum
1498 2416 1541 2461 δι
1557 2412 1616 2460 ad
1642 2425 1792 2460 carnes
1819 2411 2019 2476 saepicule

686 2470 914 2542 assandas.
926 2478 1086 2541 Tutius
1097 2489 1248 2543 tamen
1262 2481 1339 2528 erit
1361 2491 1437 2527 me
1446 2476 1685 2532 architefio
1702 2488 1884 2544 propre:
1905 2480 2021 2544 ignis
