2148 3068
305 353 436 402 Auro
455 350 629 414 fignant

303 600 545 662 Dactylion

305 666 545 728 Vngulum

279 744 289 754 ·
305 733 586 789 Symbolum

307 797 633 857 Dafiylotheca

304 987 420 1036 Vsus
443 985 634 1039 anulorfi

308 1384 551 1432 Anatomae

309 1635 488 1685 Arrabo

308 1703 550 1750 Pronobus

308 1764 617 1827 Paranymphi

313 1834 344 1877 P
354 1832 528 1877 ronuba

305 1893 444 1941 Index

311 1959 543 2010 Lichanon

1174 105 1371 162 LIBER.
1630 112 1704 161 ,1L

692 224 756 274 las
770 224 1015 273 admittunt
1024 218 1229 285 gemmas
1243 240 1254 272 z
1266 220 1463 274 sed'auro
1477 222 1572 288 ipl‘o
1585 222 1779 287 signant:
1793 232 1843 269 ut
1854 220 2031 269 Claudii

691 288 890 337 Cael'ariis
903 290 1148 348 principatu
1163 300 1381 350 repertum
1396 290 1466 336 est.
1479 289 1601 352 apud
1614 287 1892 349 Babylonios
1905 286 1917 336 't
1930 286 2029 333 teste

692 352 950 401 Herodoto:
964 348 1118 412 singuli
1130 352 1314 399 anulum
1328 354 1494 416 gestant
1507 354 1809 416 signatorium:
1825 351 2028 401 Policrati

691 418 807 479 iquit
821 416 1081 462 Samiorum
1096 415 1405 479 Regi-gemma
1420 430 1510 464 erat
1521 416 1755 482 fignatoria
1767 412 2030 478 smaragdus

647 525 656 533 ,
695 482 786 543 qua
800 479 995 542 gestabat
1006 490 1125 539 opus
1138 480 1279 526 Samii
1290 479 1722 528 Theodoritauulum
1735 487 1864 592 graeci
1879 478 2028 538 Dafly

692 544 784 592 lion
797 552 964 591 uocant
978 555 990 589 ε
1006 541 1128 588 unde
1145 543 1467 604 Dady'lotheca
1479 561 1491 591 ε
1505 544 1632 592 Prisci
1646 559 1735 608 apu
1782 546 2028 595 Romanos

696 607 919 670 ungulum
931 607 1077 669 postea
1091 609 1221 669 graeci
1234 609 1278 653 &
1295 607 1416 653 latini
1439 606 1697 666 symbolum
1714 627 1726 656 :
1741 607 2031 670 Dafiylothev

698 686 747 720 ca
764 682 916 719 autem
940 675 951 715 i
986 668 1027 717 sa
1056 671 1099 716 δι
1113 668 1258 731 plures
1269 682 1478 734 gemmas
1489 673 1618 718 n'otat
1631 675 1675 718 &
1697 670 2006 735 repositorium
2018 703 2031 715 .

696 737 801 783 hinc
814 734 959 795 Dady
976 733 1137 784 otheca
1149 731 1305 798 legata:
1319 743 1368 780 ut
1382 732 1513 782 tradit
1526 736 1809 798 Pomponius
1824 738 1869 784 &
1885 735 2033 795 leia!

697 813 782 846 nus
796 798 1015 861 delegatis
1029 800 1178 849 tertio:
1192 802 1235 846 &
1250 798 1369 846 anuli
1384 800 1427 845 δι
1443 800 1571 846 theca
1585 800 1897 864 intelliguntur.
1912 796 2032 846 Mart

697 865 806 911 tialis
819 863 950 925 Saepe
962 865 1110 926 grauis
1123 863 1269 926 digitis
1281 862 1463 910 elabitur
1476 864 1634 911 anulus
1646 865 1918 912 unctist‘l'uta
1933 877 2034 911 mea

697 927 774 975 fret
788 925 861 974 sed
875 939 950 974 tua
962 940 1147 991 gemma
1160 927 1441 975 fide.Primus
1454 928 1646 975 Scaurus
1659 927 1793 988 Syllae
1803 930 2036 991 priuignus

705 988 1082 1050 Dactylothecam
1097 994 1426 1055 excogitauinat
1439 992 1684 1055 Pompeius
1709 993 2035 1053 Dastylotheca

698 1055 1043 1104 mithridaticam
1060 1059 1104 1102 in
1130 1057 1339 1120 capitolio
1352 1055 1537 1103 dicauit:
1551 1055 1728 1105 Anulos
1738 1070 1848 1105 uero
1858 1054 2037 1119 singulis

699 1120 847 1184 digitis
861 1124 1014 1181 primo
1024 1134 1170 1182 gerere
1184 1134 1287 1169 mos
1299 1120 1383 1167 fuit
1394 1123 1474 1184 qui
1486 1119 1588 1168 sunt
1598 1122 1798 1169 minimis
1819 1122 2012 1184 proximi
2027 1131 2039 1167 ε

697 1183 810 1232 sicin
826 1186 997 1232 Numae
1013 1187 1057 1233 &c
1071 1185 1354 1232 SeruiiTullii
1365 1185 1574 1236 statuiszut
1586 1181 1728 1234 scribit
1739 1186 1907 1234 Plinius
1921 1182 2039 1231 uide1

697 1263 864 1310 mus-:cp
878 1250 935 1296 ab
950 1249 1018 1295 his
1030 1249 1174 1311 digitis
1188 1253 1231 1297 ἃ
1247 1262 1410 1297 manus
1422 1249 1658 1313 praesertim
1669 1249 1839 1298 sinistrae
1849 1262 2040 1296 neruum

699 1313 901 1376 quedam
917 1310 1218 1360 tenuissimum
1232 1312 1396 1360 insectis
1421 1316 1684 1376 corporibus
1697 1315 2040 1376 humanisequas

700 1388 937 1425 anatomas
954 1376 1056 1424 idest
1082 1375 1338 1425 disestiones
1351 1381 1478 1440 graeci
1492 1380 1693 1426 uocitant
1704 1377 1761 1425 ad
1776 1393 1852 1426 cor
1864 1376 2042 1424 tendere

701 1452 983 1501 compertum
1001 1440 1060 1487 est
1073 1476 1084 1487 .
1100 1441 1309 1503 Legimus
1324 1446 1368 1487 in
1381 1441 1560 1488 decretis
1586 1441 2042 1501 Pontificalibusxxx.

701 1502 931 1568 questione
944 1508 1123 1567 quinta:
1138 1504 1367 1567 Sponsum
1394 1518 1529 1553 nouae
1553 1516 1705 1566 nuptae
1720 1506 1863 1569 digito
1875 1515 2043 1567 quarto

701 1568 888 1615 anulum
905 1569 1062 1616 indere:
1077 1581 1125 1615 ut
1139 1568 1244 1616 sicut
1258 1572 1316 1616 ab
1331 1583 1386 1616 eo
1398 1581 1513 1615 uena
1528 1569 1651 1616 cordi
1664 1570 1971 1633 coniungitur:
1983 1570 2044 1616 ita

701 1634 810 1681 eoru
821 1632 956 1681 corda
968 1631 1050 1680 sint
1064 1636 1185 1680 unita
1202 1637 1238 1679 is
1250 1634 1492 1682 Pronobus
1504 1631 1661 1679 dicitur
1673 1648 1771 1697 quo
1783 1635 1920 1682 ueluti
1932 1635 2045 1680 Arra

702 1698 824 1744 bone
837 1700 946 1745 noui
958 1694 1102 1759 sponsi
1117 1699 1588 1760 oppigneranturenam
1601 1700 1800 1759 pronubi
1814 1701 1858 1746 δι
1873 1698 2047 1746 Pronw

702 1762 773 1808 bae
786 1763 830 1807 &
845 1775 870 1807 a
884 1762 1037 1824 graecis
1050 1761 1351 1825 paranymphi
1366 1764 1409 1808 &
1426 1763 1753 1826 paranymphae
1767 1766 1811 1809 in
1824 1760 2045 1822 obsequio

701 1824 801 1872 sunt
812 1826 1094 1886 nubentium:
1110 1826 1260 1874 Postea
1275 1825 1406 1887 polici
1421 1828 1785 1889 proximorquem
1801 1824 1989 1872 indicem
2005 1825 2048 1872 la

702 1892 780 1936 tini
794 1892 923 1951 graeci
935 1889 1147 1938 lichanon
1161 1911 1173 1941 :
1186 1890 1285 1938 teste
1300 1891 1461 1938 Boetio
1474 1892 1518 1935 iu
1534 1888 1697 1937 musica
1710 1893 1969 1938 nominant:
1985 1892 2049 1935 ina

701 1953 835 2001 duere
848 1953 1037 2002 deorum
1052 1952 1403 2003 fimulacrisedein
1422 1954 1536 1999 iuuit
1552 1955 1596 1999 &
1611 1957 1803 2001 minimo
1815 1952 2048 2005 dare.Galli

704 2019 943 2081 britanni&
956 2017 1161 2064 dicuntur
1174 2021 1217 2064 iu
1232 2018 1384 2067 medio
1395 2015 1545 2064 usizhic
1558 2029 1678 2063 nunc
1693 2016 1809 2065 solus
1822 2021 2048 2078 excipitur:

704 2084 846 2130 caeteri
857 2094 1019 2130 omnes
1033 2092 1378 2146 oneranturzatq3
1395 2085 1528 2127 etiam
1557 2085 1762 2143 priuatim
1779 2081 1943 2129 articuli
1958 2081 2052 2128 aliis

704 2146 1080 2194 minoribusehinc
1093 2146 1323 2196 Senecam
1336 2148 1497 2193 ultimo
1519 2146 1787 2193 naturalium
1799 2146 2050 2209 quaestionii

706 2210 1228 2272 exclamattExornamus
1241 2212 1384 2258 anulis
1398 2210 1561 2273 digitos
1575 2211 1624 2255 In
1638 2214 1767 2258 omni
1781 2209 1964 2259 articulo
1975 2211 2050 2274 get

708 2289 785 2321 ma
797 2274 1140 2338 disponitur.De
1156 2276 1394 2326 anulorum
1407 2274 1548 2337 origie
1561 2276 1709 2322 &iure
1722 2276 1954 2336 complura
1970 2286 2051 2321 trat

705 2337 877 2385 duntur
887 2354 910 2386 a
937 2339 1083 2387 Plinio
1095 2342 1406 2404 in.xxxiii.quae
1419 2340 1640 2386 breuitatis
1652 2343 1787 2402 gratia
1801 2339 2052 2386 omisimus:

712 2405 781 2447 cui
796 2403 920 2450 cordi
933 2405 987 2450 est
1000 2400 1177 2453 noscere
1191 2407 1225 2451 is
1239 2402 1336 2453 satis
1349 2404 1510 2451 habeat
1525 2414 1727 2451 autorem
1744 2399 1825 2450 esse
1841 2404 2054 2452 monstra‘

711 2467 946 2527 tumtapud
961 2481 1101 2531 quern
1114 2468 1144 2518 li
1159 2469 1269 2533 quid
1284 2465 1504 2533 copiosius
1520 2465 1707 2517 uoluerit
1718 2471 1926 2518 inueniet.
