2148 3068
565 114 988 167 ammon-mclx
1350 118 1432 188 119³

119 287 121 289 ,
179 275 195 289 ,.
234 288 237 291 ,
266 286 269 289 ,
337 261 346 283 2
363 232 482 280 Aera
490 241 544 277 ex
556 224 703 293 preliis
716 226 831 277 fauis
843 229 887 275 in
901 227 1051 276 uarios
1063 225 1232 278 colores
1243 227 1429 292 pigmen

200 292 329 361 5752}
339 291 349 308 ‘'
364 300 418 344 tis
431 294 616 343 trahitur
626 291 685 341 ad
693 291 941 341 reddendas
954 290 1251 341 similitudines
1262 291 1434 358 signam

118 392 121 394 -
142 341 321 442 Χῆῗ)
366 359 447 407 das
468 358 668 422 epistolas
682 359 727 405 δι
750 360 1009 406 innumeros
1034 356 1291 407 mortalium
1304 355 1429 406 usus:

95 442 97 444 ·
224 416 248 458 7
365 425 529 487 punica
552 423 728 484 optima
743 425 813 468 exi
820 422 1013 470 stimatur
1024 436 1127 487 quae
1141 421 1332 470 candida
1345 421 1428 470 est:

92 486 305 537 Insolatur
315 502 425 536 caera
439 486 544 534 idest
555 483 613 534 ad
624 483 761 534 solem
774 484 854 534 sub
868 484 945 535 dio
955 492 1135 549 ponitur
1147 488 1193 533 δι
1208 486 1303 549 post
1316 483 1430 534 infor

90 552 299 600 lationem
313 550 494 601 decofia
504 548 742 598 candescit.
759 551 807 597 N
811 549 975 616 igrescit
986 564 1137 600 autem
1151 548 1308 599 addito
1320 549 1429 598 char

86 621 234 726 tatur?
243 619 398 664 cinere.
408 615 514 664 ficut
526 628 611 664 aere
621 611 748 662 uiridi
761 614 967 666 admixto
979 614 1218 665 virescit-&c
1229 611 1427 662 anchusa

87 680 197 726 rube
215 683 288 727 cit.

314 779 319 787 ,
344 742 550 790 Crinium
561 741 678 791 libris
688 740 909 791 seruandis
922 743 978 791 est
990 742 1206 793 idoneum
1215 756 1274 790 ne
1283 757 1309 790 a
1322 743 1427 790 tinet

263 822 282 844 s
332 773 384 858 lis
399 810 443 855 &
459 807 606 855 blattis
618 805 1166 858 consumanturManiaiis
1179 807 1317 858 scrinii
1331 806 1422 855 lem

85 874 155 986 [a
170 891 174 907 ι
223 882 265 918 4·-
281 871 311 937 V‘
331 881 470 926 :mate
481 869 716 934 praemisso.

147 969 149 971 -
196 945 200 949 ’
224 950 227 951 ’
275 947 309 968 -·-
347 936 614 983 Constrictus
624 933 703 982 nisi
714 935 795 984 das
807 935 920 985 mihi
932 934 1116 987 libellos.

80 996 338 1046 Admittam
351 1002 488 1046 tineas
503 998 683 1064 trucescss
694 1001 880 1051 Blatras.

83 1063 299 1110 Horatius
309 1066 358 1109 in
369 1066 517 1125 primo
527 1060 802 1114 sermonum.

84 1127 138 1173 N
139 1140 165 1172 e
177 1141 250 1173 me
264 1125 449 1190 Crispini
461 1126 612 1176 scrinia
624 1128 731 1191 lippi

80 1186 353 1254 Compilaffe
362 1203 490 1252 putes
501 1194 692 1241 uerbum
705 1204 800 1242 non
814 1189 1007 1252 amplius
1018 1186 1202 1237 addam.

79 1253 220 1303 Libris
233 1258 376 1318 inquit
389 1255 606 1318 leianns
618 1254 938 1304 Iureconsultus
950 1253 1102 1316 legatis
1113 1264 1162 1301 ut
1185 1245 1356 1302 Cassius
1373 1253 1419 1301 δι

79 1317 259 1366 sabinus
280 1318 472 1367 referunt
483 1332 582 1384 neq3
596 1323 782 1367 armaria
795 1331 897 1382 neffl
920 1317 1070 1365 scrinia
1083 1330 1184 1382 neq3
1205 1329 1359 1365 caetera
1371 1320 1417 1364 in

78 1383 246 1447 quibus
255 1383 352 1430 libri
363 1381 618 1433 conduntur
630 1386 842 1434 contineri
851 1383 950 1431 satis
962 1392 1126 1430 notum
1138 1383 1209 1429 est.
1218 1381 1423 1429 scrinium

79 1459 222 1510 graece
234 1446 754 1511 chartophilaciutmnam
767 1448 928 1511 philaci
939 1446 1132 1494 custodia
1146 1445 1323 1494 est=hinc
1336 1448 1424 1496 Ga)

78 1511 385 1573 zophilacium
399 1515 444 1558 in
453 1509 579 1559 sacris
590 1513 735 1560 litteris
749 1526 848 1559 arca
859 1511 918 1560 ad
932 1510 1237 1559 custodiendas
1251 1509 1423 1562 oblatio

79 1585 161 1621 nes
174 1574 296 1637 apud
309 1574 545 1625 ludaeos:&
555 1576 774 1625 Corbona
785 1573 899 1623 dista
911 1592 923 1623 t
935 1573 1167 1637 Significat
1180 1578 1226 1622 δέ
1238 1573 1418 1638 capsam

78 1652 172 1701 qua
185 1653 250 1685 res
263 1636 535 1701 pretiosiores
549 1641 594 1686 δι
607 1637 773 1688 secretae
786 1642 1004 1702 imprimis
1016 1636 1235 1701 scripturae
1245 1638 1420 1687 seruant

73 1702 280 1749 turtunde
292 1701 492 1751 scriniarii
501 1704 706 1751 secretarii
716 1715 833 1766 quos
846 1706 978 1750 etiam
992 1717 1018 1749 a
1028 1700 1194 1750 seeretis
1207 1701 1422 1756 dicemus:

80 1776 132 1812 ut
143 1764 302 1813 scribas
313 1768 372 1814 ab
384 1768 570 1830 epistolis
585 1770 628 1814 δι
640 1768 956 1817 Grammateos
969 1769 1013 1813 δέ
1027 1766 1325 1815 canzellarios:
1339 1769 1419 1817 Art

78 1829 406 1892 chigramateos
419 1845 527 1879 uero
539 1834 754 1893 principes
766 1827 1071 1880 scribarum-ln
1085 1828 1244 1878 scriniis
1256 1828 1419 1881 Mithri

77 1891 202 1940 dates
213 1897 436 1956 grauiores
448 1895 646 1958 epistolas
660 1898 705 1942 ἃ.
722 1897 887 1943 Darius
912 1905 1140 1959 unguenta
1153 1894 1420 1945 habuerunt:

78 1957 329 2005 Alexander
342 1958 486 2021 postea
500 1962 638 2022 captis
653 1960 777 2006 Darii
789 1961 928 2008 castris
943 1964 1035 2009 eius
1049 1958 1254 2009 scrinium
1265 1963 1419 2027 ungue

77 2024 113 2069 ti
122 2020 239 2070 libris
251 2024 438 2076 Homeri
451 2020 673 2083 seruandis
688 2022 931 2080 destinauit.

1491 420 1661 471 Punica
1678 433 1788 473 caera

1484 1311 1799 1382 Chattophilat

1488 1394 1611 1429 cium

1486 1444 1706 1494 Cothona

1485 1508 1814 1572 Gazophilacifi

1484 1574 1690 1622 Scrinarii

1483 1638 1712 1686 Secretarii

1485 1702 1527 1747 A
1541 1700 1710 1750 secretis

1483 1767 1711 1814 Gramatei

1483 1832 1521 1877 A
1529 1833 1560 1878 b
1572 1829 1762 1893 epistolis

1484 1895 1740 1944 Cancellarii

1481 1959 1794 2026 Archigtamat

1480 2028 1540 2074 tei
