2148 3068
539 141 542 143 ’
559 127 962 183 ἘΪΝΟΕΕΝΜ
1341 147 1418 202 93.

87 253 331 319 periculum
356 258 474 297 extra
487 245 604 295 aedes
618 258 721 309 quae
732 255 905 308 magno
916 240 1193 291 aedificantur
1205 240 1328 290 illum
1341 241 1422 288 ha»

87 319 322 370 berctunln
335 310 608 362 domuncula
620 313 749 372 igitur
760 322 841 354 nec
853 306 1041 371 quidem
1053 311 1263 372 contigua
1274 305 1347 354 sed
1359 307 1417 352 uir

86 386 184 430 cina
197 381 349 428 furnus
363 389 412 423 ut
424 374 607 421 foemilia
623 387 764 437 quoq3
777 375 820 420 &
835 371 996 436 lignilia
1008 371 1254 421 commode
1267 381 1420 435 ponen

88 445 174 493 dus
187 447 340 491 ueniet.
356 442 396 486 Α
413 438 547 485 furno
558 439 708 485 autem
722 436 850 500 quod
862 437 918 483 est
929 447 1026 484 atro
1037 447 1049 482 ῑ
1062 434 1161 483 teste
1175 437 1418 499 Pompeio:

87 519 256 559 nomen
270 507 433 567 accepit
444 517 456 550 τ
468 508 591 550 cuius
602 515 656 550 os
669 512 825 564 pateus
836 499 1125 563 ptaefurnium
1139 498 1326 562 quidam
1339 511 1417 546 nol

86 569 513 631 minauereAntiqui
526 565 755 614 fornacem
771 568 815 611 in
828 565 1006 627 pistrinis
1021 565 1251 612 habebant
1262 563 1419 611 farinat

84 637 217 684 tiis2&
229 632 406 696 pistores
420 631 623 678 dixerunt
634 633 710 692 qui
725 628 950 676 frumenta
963 627 1251 692 pinsebantt&
1266 630 1347 691 qui
1361 640 1419 689 pa

82 711 188 745 nem
201 697 554 744 faciebantznunc
567 695 786 756 pistrinatii
798 729 811 741 .
826 689 1041 741 Martialis
1054 691 1110 739 de
1120 693 1283 757 Cipero
1297 692 1420 754 pistor

84 761 201 810 reEt
216 773 380 823 panem
393 757 501 808 facis
517 761 559 805 δι
575 759 679 805 facis
694 756 896 805 farinam.
911 759 969 804 Hi
982 769 1030 804 ut
1044 755 1184 805 scribit
1199 756 1364 804 Plinius
1375 758 1420 802 in

84 825 264 873 decimo
275 825 452 873 ostano.
463 825 549 871 Ns)
564 820 742 868 fuerunt
755 823 923 870 Romae
936 820 994 869 ad
1007 818 1216 885 petfieum
1229 819 1321 884 usq
1337 817 1422 868 belt

63 892 66 894 ’
84 891 182 938 lum
194 891 322 937 annis
334 890 393 935 ab
405 889 512 936 urbe
523 885 703 935 condita
713 889 968 948 quingentis
978 884 1330 952 ociuagintadpsz
1343 887 1423 948 qui

85 956 186 1001 tites
200 966 364 1014 panem
377 949 894 1013 faciebantzmulietumq3
908 950 950 995 id
964 964 1081 1013 opus
1092 964 1193 999 etat:
1206 965 1308 1014 quae
1320 946 1423 995 inde

85 1017 288 1080 panificae
303 1014 519 1064 dicuntur:
531 1026 580 1060 ut
593 1012 755 1061 fadura
770 1015 1028 1075 panificium
1042 1032 1052 1064 ε
1066 1015 1222 1062 furnus
1235 1029 1260 1061 a
1272 1015 1424 1078 graecis

87 1089 292 1138 κλυροιν
301 1094 368 1126 oa-
382 1095 416 1143 q
432 1083 474 1126 &
486 1078 640 1126 Testus
654 1075 773 1126 dicit‘:
786 1079 1102 1138 Hieronymus.
1113 1078 1292 1126 Omnes
1303 1073 1423 1125 adult

87 1155 276 1193 terantes
290 1145 412 1207 quasi
436 1143 668 1203 Clybanus
679 1138 903 1209 succensus
924 1139 949 1190 a
964 1155 1208 1207 coquente:
1221 1141 1279 1190 ad
1300 1143 1424 1189 cuius

85 1208 217 1256 usum
231 1206 563 1255 infamibulum
576 1206 668 1267 ipse
675 1206 841 1268 pallam
856 1205 1039 1254 dixerim
1052 1222 1143 1272 qua
1156 1219 1293 1270 panes
1305 1206 1322 1254 i
1337 1205 1424 1255 sur?

89 1286 155 1321 no
169 1271 413 1335 disponunt
423 1289 434 1322 :
445 1283 554 1318 nam
569 1267 852 1317 Rutabul‘um
868 1270 924 1316 est
937 1280 962 1317 a·
975 1270 1234 1335 promendo
1258 1273 1359 1333 igne
1372 1278 1424 1316 ut

82 1350 223 1400 panes
248 1347 521 1399 coquantur:
535 1336 578 1382 in
603 1336 769 1395 quibus
792 1330 986 1398 adsurgit
1008 1335 1230 1383 interdum
1254 1332 1426 1396 pustula

89 1401 227 1448 hestae
248 1412 418 1448 nomen
430 1396 592 1460 adepta
604 1411 615 1444 ε
627 1412 652 1444 a
665 1412 755 1460 qua
779 1400 987 1460 accipitur
1001 1413 1066 1447 res
1089 1398 1248 1446 nullius
1273 1401 1425 1460 precii:

89 1479 195 1511 cum
211 1464 401 1511 dicimus
414 1474 510 1512 non
521 1461 656 1508 heflae
667 1472 710 1509 te
721 1462 837 1510 facio
849 1473 1001 1512 :autor
1014 1461 1364 1527 Pompeiuszsed
1378 1463 1425 1508 ui

89 1528 145 1574 de
158 1542 214 1574 an
229 1526 511 1575 Rutabulum
526 1523 575 1573 sit
586 1529 735 1587 potius
747 1540 772 1574 a
783 1526 933 1574 Rutro
945 1531 1236 1577 instrumento
1246 1541 1344 1590 quo
1354 1526 1424 1572 alit

90 1591 202 1654 quid
212 1595 407 1639 eruimus
421 1594 465 1638 &
480 1589 754 1637 exrhtaimus
765 1624 777 1636 .
789 1590 1012 1653 Coquinae
1023 1606 1131 1640 ueto
1151 1592 1425 1653 Gynoecium

92 1668 143 1702 ut
154 1656 295 1702 statim
310 1654 588 1717 subii‘igerem
605 1667 679 1699 me
691 1655 893 1700 inuitauit
906 1654 1096 1716 panifzeii
1109 1652 1427 1717 mentio-quod

91 1718 328 1767 mulierum
343 1725 364 1780 (
377 1731 426 1766 ut
448 1717 674 1777 diximus)
686 1730 805 1778 opus
830 1718 972 1765 fuerat
983 1718 1137 1766 :ueluti
1150 1731 1271 1764 nunc
1282 1733 1425 1782 quoq)

92 1782 217 1845 apud
240 1795 326 1829 nos
342 1786 385 1828 δι
412 1795 594 1828 caeteros
605 1782 771 1842 quibus
794 1794 891 1830 non
903 1780 1002 1828 sunt
1025 1780 1277 1844 frequentes
1292 1783 1424 1828 Pieria

92 1849 222 1893 narii:
236 1846 352 1892 Hinc
366 1848 494 1908 igitur
507 1844 804 1906 Gynecophili
815 1849 858 1891 in
872 1844 977 1892 illud
988 1845 1107 1893 illam
1132 1845 1354 1908 patescens
1365 1849 1427 1891 int

93 1922 320 1959 ttoeamus
335 1908 463 1972 quod
476 1909 701 1970 perfugifit
713 1909 744 1953 Ii
757 1914 835 1971 qui
851 1906 1163 1973 Misogvneian
1180 1910 1269 1958 hoc
1280 1910 1335 1957 est
1347 1909 1428 1959 odi

91 1989 174 2022 um
186 1978 233 2020 in
244 1974 432 2020 mulctes
445 1971 786 2033 exercentequale
796 1977 840 2020 in
854 1972 1060 2036 Euripide
1074 1977 1114 2021 ὅ(
1127 1973 1320 2036 Orpheo
1333 1973 1430 2040 post

92 2036 292 2089 amiffitm
305 2035 552 2086 Eutidicem
566 2032 689 2083 fuisse
702 2041 932 2091 memoriae
946 2036 1176 2102 proditum
1188 2038 1259 2087 est.

1480 502 1648 554 Foenile

1481 571 1651 635 Lignile

1482 631 1783 684 Paeaefuminm

1482 699 1660 763 pistores
1682 749 1685 753 ¹

1483 760 1712 813 Pistrinatii

1487 951 1701 1004 Panifieae

1486 1018 1758 1070 panificium

1486 1084 1721 1146 clybanus

1486 1268 1778 1324 Rurabuium

1485 1336 1820 1388 Infumibulum

1486 1465 1628 1516 Hefla

1487 1535 1689 1583 Ruttum

1489 1776 1795 1848 Gyneeophil⁴

1491 1849 1775 1916 Misogyneia
