2148 3068
523 142 893 196 snssvaM.
1314 162 1411 215 4⁷·

75 261 238 311 rustici
226 274 270 310 m
282 258 412 309 foeno
423 255 674 322 colligendo
686 258 897 306 utuntur:
913 254 1099 306 Marcus
1111 257 1259 307 Varro
1272 258 1331 306 tei
1343 271 1414 306 tut

77 328 188 376 sticae
198 329 356 390 ptimo:
360 323 516 371 Herba
521 323 578 369 cu
592 321 776 370 crescere
789 319 911 370 desiit
926 325 971 370 &
985 323 1157 371 aestibus
1169 322 1316 373 arescit
1327 322 1409 370 sub

73 390 204 439 secati
217 389 403 437 debet&
417 383 548 450 quod
561 385 620 434 acl
635 385 872 449 paretescat
883 386 1059 434 furcillis
1073 384 1241 435 uersati.
1253 386 1409 435 Futcu

75 454 127 502 1ae
141 451 227 517 ipse
239 450 443 498 uidentur
456 464 482 497 a
495 450 616 498 furca
630 450 975 515 hypocoristicos
988 450 1198 500 deduflae.
1211 450 1411 500 Furcilles

71 532 212 582 quoq
224 529 248 562 e
271 511 387 564 ferto
401 512 591 562 dicimus
611 515 866 564 bidentatos
879 516 947 563 uel
972 515 1231 566 tridentatos
1246 518 1415 580 quibus

74 591 257 629 utuntur
270 579 483 627 stabularii
496 578 554 627 ad
564 591 841 627 excrementa
855 583 1102 642 iumentone
1125 581 1259 644 paleis
1272 583 1413 630 mixta

72 643 258 707 (simum
272 642 636 706 appellant)unde
647 643 800 692 fimeta
813 659 915 706 quae
939 645 1219 708 Stetquilinia
1233 659 1258 692 e
1270 645 1412 693 stabur

73 709 120 757 lo
133 709 352 759 eiicienda:
355 706 445 755 Sed
462 707 648 756 furcilles
660 724 800 773 quoq3
824 708 853 756 s
858 723 912 755 ue
927 708 1090 758 futcilla
1101 707 1305 757 dixerunt
1316 724 1412 774 quv

74 773 160 820 bus
175 772 383 820 homines
394 726 800 834 suspendebantur
783 774 959 822 auflore
970 775 1209 836 Pompeio-

314 836 475 920 ῑΑῆεΠι·
491 839 668 900 proprie
681 838 850 900 quibus
866 849 941 899 pet
953 835 1178 885 foenifecia
1204 836 1416 886 foestucas

248 875 604 1061 ἒξειὶπιιόιηιυςε
591 915 632 948 .a
645 915 742 962 quo
753 902 911 949 abrasu
922 901 1095 948 Rastelli
1110 900 1209 948 sunt
1222 906 1414 950 nomina

333 977 362 1011 n
376 977 425 1012 ut
437 976 566 1015 autor
577 965 647 1011 est.
654 962 722 1013 M.
728 965 898 1013 Varro
886 978 931 1011 m
947 966 1068 1013 libris
1079 964 1241 1041 linguae
1254 967 1415 1014 latinae:

248 937 377 1076 Q&
392 1033 449 1076 tei
463 1030 625 1078 tusticae
635 1033 784 1091 ptimo
795 1031 917 1076 Tum
932 1028 986 1076 de
1000 1033 1133 1092 pratis
1145 1033 1292 1093 inquit
1304 1030 1416 1093 stipu

76 1094 167 1141 lam
183 1082 351 1140 'rastellis
364 1091 481 1140 eradi
494 1104 582 1204 at}
595 1092 759 1140 addere
771 1092 997 1141 foenisecio
1009 1093 1256 1141 cumulum·
1260 1109 1357 1156 quo
1370 1093 1417 1142 sa

74 1159 147 1206 eto
158 1156 373 1204 sscilienda
386 1168 509 1219 prata
523 1110 582 1204 i}
572 1158 628 1205 est
640 1158 827 1207 falcibus
842 1155 1131 1206 conseflanda
1145 1172 1248 1220 quae
1261 1157 1419 1205 soenise

77 1237 140 1268 cae
153 1224 457 1283 praeterietunt.
461 1221 572 1282 Veyc
587 1223 631 1269 δε
646 1222 982 1270 stabulariorum
995 1220 1146 1269 usibus
1161 1219 1415 1296 deputa‘tur.

74 1284 258 1333 Hisdem
272 1299 412 1348 quoq3
428 1297 587 1333 terram
602 1284 841 1337 effodiunt.
855 1285 989 1332 Vnde
1002 1287 1275 1335 Suetonius
1264 1299 1307 1331 in
1323 1285 1416 1334 Ne

77 1363 199 1397 tone:
214 1350 389 1414 Tubaq3
401 1349 431 1396 s
421 1361 528 1412 gno
541 1349 651 1398 dato
663 1355 834 1412 primus
847 1350 1013 1397 rastello
1025 1350 1086 1396 hu
1094 1365 1174 1398 mu
1189 1347 1350 1398 effodit
1368 1353 1413 1398 &

76 1414 269 1462 cotbulae
284 1414 536 1477 congestam
552 1413 750 1460 humeris
763 1415 927 1462 extulit·
940 1413 1156 1478 colligitur
1168 1415 1271 1461 aute
1284 1414 1414 1463 foenu

76 1491 151 1540 per
165 1476 388 1524 foeniseces
411 1480 456 1524 δι
471 1489 651 1527 caeteros
663 1478 679 1525 i
692 1490 833 1525 metas
847 1479 977 1526 strues
992 1482 1060 1526 uel
1074 1479 1295 1527 cumulos:
1300 1492 1415 1540 quas

74 1541 325 1590 Columella
336 1540 507 1588 uidetut
518 1542 686 1605 strigas
699 1557 872 1591 uocare.
883 1555 942 1591 na
959 1545 1111 1607 Strigae
1122 1542 1301 1593 ordines
1315 1542 1417 1593 sunt

74 1620 219 1653 retum
232 1607 341 1652 intet
353 1602 394 1652 se
406 1606 760 1666 compastarum.

344 1669 484 1717 Oeno
496 1670 693 1716 aluntur
682 1681 902 1718 iumenta·
917 1669 1045 1718 datur
1060 1673 1104 1719 &
1117 1671 1419 1719 stramentum:

348 1748 492 1795 equos
505 1748 612 1781 ueto
627 1731 924 1796 generosiores
939 1737 983 1781 &
1000 1735 1059 1781 ad
1073 1734 1248 1781 cursum
1263 1730 1418 1796 ptaeset

350 1800 429 1843 tim
456 1810 632 1857 paratos
647 1812 766 1860 quos
792 1799 1044 1847 barbaricos
1058 1797 1273 1846 dicimus·
1286 1795 1420 1858 paleis

352 1863 393 1906 &
410 1862 608 1910 Zeaticio
620 1862 927 1910 hordeaceoue
941 1864 1105 1911 cibario
1117 1865 1195 1924 qui
1210 1860 1307 1908 sunt
1320 1862 1420 1922 prin

31 1917 34 1921 ’
87 1930 238 2000 cipum
251 1925 487 1986 equisones
510 1926 620 1971 aiere
632 1924 976 1974 consueuerunt.
992 1929 1051 1973 At
1064 1939 1203 1973 uerno
1216 1936 1421 1986 tempore

0 2024 3 2029 ψ
81 1992 206 2054 equis
221 1988 492 2036 iunioribus
477 1993 645 2051 1primis
661 2003 735 2051 pet
750 1993 989 2038 continuos
1003 1988 1095 2036 dies
1106 1988 1326 2053 plusculos
1338 1987 1420 2035 Far

80 2068 191 2118 tago
204 2052 448 2100 exhibetur.
452 2067 542 2129 qua
557 2056 600 2099 &
617 2065 861 2118 purgantur
873 2058 917 2100 δέ
933 2051 1052 2101 obes
1056 2068 1156 2101 ores
1166 2052 1345 2101 euadt'n.
1360 2049 1419 2098 de

0 2159 2 2164 ,
81 2118 167 2166 hac
180 2116 367 2164 Plinius
356 2130 412 2163 in
417 2120 531 2164 xviii.
539 2119 780 2180 Pompeius
795 2120 838 2165 δι
855 2114 1038 2165 Marcus
1053 2119 1219 2166 Varro
1208 2130 1252 2164 in
1263 2130 1307 2163 te
1320 2115 1419 2163 rusti

0 2197 4 2209 ·
81 2197 132 2230 ca
145 2184 454 2228 meminerunt:
460 2182 549 2229 hoc
562 2180 666 2228 scitu
680 2181 870 2246 dignum
883 2183 938 2228 est
953 2182 1082 2245 quod
1094 2181 1219 2229 refert
1233 2181 1420 2228 aristote

34 2301 42 2308 ,
82 2247 144 2294 les
158 2245 462 2294 hist.animali11
473 2247 647 2294 ostauot
605 2248 916 2356 ,Επιῑεὲῐηέ
895 2247 1031 2308 pilum
1046 2245 1252 2309 expolite.
1263 2259 1318 2291 cu
1329 2243 1416 2290 frua

80 2312 221 2384 gibus
225 2308 406 2373 gtauida
419 2309 488 2358 este
491 2312 612 2357 inuti!
618 2326 688 2357 em
705 2327 757 2357 cu
806 2324 891 2357 uris
906 2315 994 2357 iam
1005 2311 1138 2358 aristis
1150 2307 1418 2359 inhortescit.

80 2372 226 2422 Foenu
235 2384 385 2420 autem
400 2373 544 2437 ipsum
561 2379 604 2422 δι
631 2375 812 2421 foestuca
838 2385 993 2422 autore
1016 2376 1238 2436 Pompeio
1255 2371 1409 2420 asoetu

81 2436 238 2486 nomia
252 2446 486 2486 traxerunt.-
487 2455 512 2486 a
525 2439 655 2486 foeno
669 2437 901 2486 Foenisecae
925 2441 1002 2513 qui
1019 2437 1214 2486 foenatiis
1227 2435 1415 2484 falcibus

80 2500 286 2549 foenum
275 2513 319 2548 tn
328 2506 461 2565 pratis
472 2501 880 2559 secantzcolumella
893 2507 950 2551 tei
962 2503 1123 2552 tusticae
1136 2499 1344 2554 secundo:
1348 2500 1416 2550 lta

1473 366 1676 419 Furcilles

1474 435 1629 483 Fimus

1476 501 1701 549 Fimetum

1478 1143 1647 1198 Sicilire

1478 1406 1635 1454 Strues

1480 1472 1644 1535 Strigae

1480 2366 1679 2416 Foefluca

1480 2417 1718 2481 Foenisecae
