2148 3068
1414 159 1459 198 Ζ.

126 258 237 305 miti
248 257 538 320 potestmemo
549 254 931 304 omniazhomines
945 251 1237 303 sumiis.Mihi
1249 265 1399 304 autem
1412 253 1456 303 sa

127 324 180 367 tis
193 323 249 368 est
262 322 393 368 huius
406 321 753 381 materiaezquam
769 320 956 380 publicae
969 319 1161 367 utilitatis
1170 334 1278 385 ergo
1292 319 1457 382 suscepi

124 389 370 434 maximam
384 395 556 445 partem
570 380 788 430 tradidisse
801 383 892 431 hoc
904 385 1024 430 breui
1050 384 1308 433 Euchiridio
1323 381 1456 448 quod

121 463 149 495 a
162 447 402 497 semidodo
425 451 534 494 iutra
548 446 797 494 decimestre
810 446 999 508 spatium
1018 451 1061 495 δέ
1075 451 1297 512 conceptu
1310 453 1353 496 &
1368 445 1454 494 edit

122 522 222 560 tum
235 514 632 575 pigmentariorum
646 513 858 559 olitoriim
875 514 919 558 δι
945 512 1165 560 artificum
1181 516 1325 561 turbae
1334 512 1456 560 semi!

124 575 310 625 dodnlae
321 578 599 637 emptionem
612 573 641 623 si
657 579 822 623 uenerit
836 579 880 622 in
892 577 1094 624 aridioue
1117 578 1454 639 praestolabitur:

118 638 349 689 Afftanius
360 643 528 703 quippe
537 644 665 688 nauci
678 653 772 688 non
784 638 1000 688 daretzuec
1009 641 1194 690 licitator
1204 641 1384 689 Plautus
1397 641 1456 687 Ci

121 719 228 753 cum
240 703 502 753 offerretEa
516 715 668 752 tamen
683 707 840 752 omnia
853 706 1102 769 qualiacr‘irss
1113 703 1212 752 sunt
1225 704 1297 752 his
1308 707 1456 769 praecit

117 783 210 834 pue
221 767 533 816 saturnalibus:
544 783 648 833 quae
670 781 791 815 nunc
813 768 1038 816 christiana
1053 771 1202 834 religio
1212 783 1265 817 ex
1276 782 1378 819 ortu
1392 782 1455 817 tet

117 833 366 895 demptoris
381 829 669 883 saluberrimo
694 832 905 880 Natalitia
921 830 1140 882 refiiffime
1152 845 1382 898 nuncupat
1393 833 1453 883 ad

119 907 163 945 re
176 902 309 946 mitto
320 908 541 959 tanquam
565 896 748 945 Xeniola
764 908 962 944 ueterum
978 911 1153 946 morem
1176 898 1455 948 Romanori'i

119 965 384 1009 imitatusmr
398 975 503 1008 cum
515 961 609 1009 talis
624 960 830 1025 sepositis:
844 957 998 1008 tesseris
1013 962 1206 1027 struppis
1220 966 1263 1010 δέ
1276 963 1455 1014 alneolo

117 1026 215 1090 post
226 1024 540 1089 ludumiquem
555 1036 734 1089 teinpus
746 1025 963 1088 postulaui
974 1030 1077 1076 ocio
1090 1028 1222 1074 fueris
1234 1041 1244 1074 ε
1255 1026 1287 1074 si
1303 1039 1457 1076 tamen

116 1090 315 1138 Africani
340 1091 560 1152 Scipionis
574 1091 781 1151 exemplo
792 1087 874 1136 esse
885 1101 1015 1152 potes
1025 1089 1201 1141 ociosus
1216 1091 1312 1139 haec
1323 1090 1458 1156 legas:

120 1152 359 1218 legendoq
372 1152 533 1201 caelum
549 1152 1115 1216 expolitionis(dummodo
1127 1155 1393 1220 castigareris
1408 1159 1456 1204 δε

117 1229 214 1267 non
226 1217 527 1266 reformaretis
538 1231 724 1280 operam
738 1220 952 1280 requirere
963 1217 1196 1267 uideantur
1206 1218 1459 1282 >adhibeas:

121 1279 248 1330 &illa
263 1281 400 1327 ueluti
422 1280 707 1345 Aesculapius
729 1282 921 1329 Vrbium
936 1293 1013 1330 aut
1027 1285 1218 1332 restituas
1231 1282 1290 1331 ad
1301 1286 1457 1333 uitam:

118 1357 197 1394 aut
207 1349 387 1393 iuuante
403 1344 671 1394 Vulcanotut
685 1347 814 1396 Plato
827 1346 987 1409 tragica
1001 1348 1382 1409 poematazliberes
1395 1352 1458 1396 iiv

108 1409 290 1460 famiazfi
303 1411 527 1471 peruenire
536 1421 630 1460 non
646 1420 867 1458 merentur
877 1408 937 1457 ad
951 1408 1123 1459 famam
1135 1413 1265 1462 Noui
1275 1415 1395 1459 enim
1410 1416 1457 1460 in

117 1477 234 1539 genii
246 1477 311 1521 tui
324 1485 526 1522 acumen:
540 1478 650 1524 noui
662 1475 950 1523 accerrimum
965 1474 1070 1522 illud
1084 1488 1213 1524 tuum
1225 1475 1455 1527 iudicium:

116 1538 250 1602 quod
261 1535 568 1585 mediusfidius
584 1544 692 1587 tanti
703 1538 991 1602 facietquauti
1001 1540 1229 1592 Catonem
1241 1540 1364 1589 illum
1377 1542 1455 1590 adr

116 1607 259 1653 oriam
274 1601 426 1666 gladio
447 1599 753 1665 adeptuval.
765 1602 923 1652 Cicero
934 1616 1136 1653 tomanae
1149 1609 1353 1668 princeps
1366 1606 1453 1656 eiot

119 1670 316 1730 quentiae
328 1665 577 1716 faciebam&
592 1666 818 1718 merito.1n
831 1676 874 1713 te
885 1679 1040 1732 nach
1061 1668 1237 1716 summa
1250 1668 1451 1720 dostrina

117 1734 165 1778 ει
178 1730 323 1792 [epos
335 1730 454 1792 uiget
466 1733 624 1777 atticus
635 1731 935 1791 musarum(ut
948 1730 1121 1795 dimnt)
1131 1733 1315 1796 eloquio
1327 1748 1452 1785 conv

114 1792 522 1858 parandus.Qam
534 1797 599 1843 ob
613 1809 706 1843 rem
719 1794 748 1844 fi
760 1795 843 1842 has
858 1809 981 1842 meas
992 1797 1182 1860 nugulas
1193 1809 1290 1847 non
1300 1799 1450 1862 impto

115 1860 288 1907 baueris
300 1855 476 1905 sublimi
490 1855 644 1907 seriam
656 1858 791 1910 sidera
804 1862 976 1910 uertice.
999 1860 1111 1910 Vale
1125 1863 1169 1910 δι
1186 1858 1389 1912 Matium
1403 1866 1451 1911 ti!

118 1924 164 1972 bi
175 1921 401 1974 addietum
413 1924 580 1985 excipe.
1104 1920 1107 1923 ’

1517 767 1769 817 Saturnalia
1783 771 1816 833 ᾗ

1518 834 1740 886 Natalicia
