2148 3068
186 690 190 694 .
254 645 463 700 struthio

262 1481 524 1554 mteiiinum

265 1975 404 2027 Xenia

732 158 817 175 ⁴5⁷·

718 174 828 200 .5·‚,

648 247 705 299 M
718 261 853 315 agnes
866 248 976 311 lapis
989 261 1011 295 a
1017 246 1233 311 ppeiiatus
1246 249 1305 296 ab
1320 247 1610 298 inuentorem
1622 247 1772 298 audor
1783 246 1839 295 est
1851 247 1901 296 N
1905 247 1988 297 icae

711 315 846 364 derrin
862 311 937 360 Ida
950 325 1269 374 repertustnam
1281 315 1326 360 &
1340 311 1494 375 paffim
1508 317 1727 361 inuenitur
1737 325 1786 360 ut
1799 315 1843 359 in
1858 311 1985 374 hispa
2005 316 2011 326 '
2042 320 2044 325 “

712 383 786 427 nia
802 392 941 442 quoq3
958 375 1092 424 fertur
1101 387 1253 425 autem
1263 391 1368 424 eum
1381 373 1590 426 inueniffe
1600 378 1732 426 clauis
1755 375 1987 439 crepidatt‘r

713 447 759 492 8(
773 441 916 491 baculi
928 437 1106 502 cuspide
1119 443 1405 489 cum'armeta
1418 440 1618 504 pasceret.
1633 441 1839 490 Trahitur
1849 442 1918 489 ,ab
1928 454 1987 490 eo

715 508 882 555 fertum
898 506 1022 552 cuius
1035 504 1192 553 duritia
1204 505 1313 553 nihil
1327 510 1610 568 pertinacius:
1625 506 1820 554 sideritis
1832 506 1914 553 etia
1928 503 1989 551 dit¹

714 572 810 619 stus
824 581 918 618 non
931 569 1063 616 aliam
1090 571 1155 618 ob
1167 566 1345 616 causam
1358 585 1370 615 ε
1382 569 1572 631 quidam
1595 571 1829 619 Heraclion
1842 569 1991 632 appele

715 638 809 685 lant
827 635 1003 682 Plinius.
1017 647 1165 686 xxxvi.
1180 643 1241 681 a--t
1250 637 1323 680 Aa
1332 647 1428 698 eoa·
1453 634 1643 684 fertum:
1655 632 1791 681 Vnde
1801 634 1989 682 struthio

717 703 813 749 auis
829 718 837 739 a
853 697 1020 746 ferrum
1045 697 1269 751 deuorans
1284 699 1329 746 δι
1343 708 1638 762 concoquens
1646 710 1702 746 et
1710 702 1781 746 λη
1788 706 1949 761 eopetq
1950 712 1986 742 σ-

718 766 897 812 dicetur:

652 826 709 879 M
725 828 974 888 ediastynus
997 828 1108 875 inter
1129 826 1211 876 alia
1224 822 1467 890 significata
1481 822 1638 873 mediae
1650 827 1769 874 urbis
1783 827 1987 876 incolam

713 905 935 944 notatae-
943 914 981 950 »Γ
991 911 1019 943 υ
1033 891 1293 939 urbs.Vnde
1306 903 1469 949 eumq.
1485 886 1678 937 scribitur
1690 893 1735 935 in
1745 890 1835 939 alio
1846 890 1990 956 fignift

715 971 817 1007 catu
834 961 1055 1005 meminitt
1067 956 1288 1020 Vipianus
1303 953 1431 1002 titulo
1444 953 1990 1017 nau.caup.stab.iibro.mt.

715 1022 851 1087 digest
861 1058 873 1071 .
885 1022 1132 1086 Caupones
1156 1023 1303 1084 inquit
1327 1021 1370 1066 &
1387 1016 1642 1066 stabuiarios
1656 1033 1784 1081 aeque
1796 1032 1874 1067 eos
1885 1022 1993 1066 accit

713 1091 891 1152 piemus
904 1092 981 1152 qui
993 1088 1201 1149 caupona
1219 1088 1261 1133 δι
1287 1081 1505 1132 stabulum
1518 1093 1717 1130 exercent
1730 1081 1997 1131 institoresue

716 1167 876 1205 eorum
891 1165 1098 1200 caeterum
1114 1150 1144 1199 fi
1157 1154 1257 1214 quis
1269 1161 1405 1212 opera
1418 1145 1658 1196 mediastini
1671 1145 1883 1213 fungitur:
1895 1160 1993 1199 non

718 1219 1020 1265 continebitur
1032 1227 1082 1263 ut
1095 1217 1264 1262 Atriarii
1279 1216 1321 1261 δι
1335 1212 1516 1264 Focatii:

655 1276 713 1329 M
725 1278 985 1329 esenterium
1011 1285 1056 1327 in
1077 1278 1234 1326 mediis
1246 1277 1450 1325 intestinis
1464 1279 1582 1325 mito
1602 1274 1809 1338 quodam
1822 1289 1994 1326 naturae

719 1346 909 1395 artificio
919 1345 1216 1393 coiocatumta
1233 1339 1375 1405 positu
1389 1352 1559 1387 nomen
1574 1338 1910 1391 sortitunmultis
1922 1355 1998 1389 uer

715 1411 832 1457 nuiis
844 1408 1165 1471 circunseptum
1181 1407 1236 1454 est
1250 1404 1371 1452 unde
1383 1403 1728 1453 alimenta-cordi
1754 1407 1892 1456 Iecori
1904 1405 2001 1469 pule

716 1477 847 1524 moni
863 1477 907 1522 &
919 1474 1009 1522 aliis
1024 1472 1330 1522 ministrantur:
1342 1483 1365 1518 e
1374 1481 1463 1527 ντι
1472 1477 1554 1535 eor
1568 1471 1819 1518 intestinum
1833 1484 1844 1519 ε
1858 1468 1996 1518 Vnde
2011 1513 2013 1516 .

647 1545 650 1549 ’
715 1538 1000 1589 Enterocelae:

654 1603 714 1655 Μ
726 1603 880 1652 esaulae
894 1602 991 1652 loca
1004 1603 1112 1647 intet-
1124 1598 1237 1646 duas
1249 1598 1371 1645 aulas
1383 1596 1678 1645 mediatvnde
1688 1602 1860 1648 nomen
1873 1596 1997 1659 apud
2070 1593 2087 1608 ⁶

717 1665 1039 1733 graecos(nostri
1056 1662 1300 1710 Andronas
1313 1663 1608 1724 uocant(nam
1625 1661 1730 1709 hinc
1742 1661 1952 1724 peristylia
1964 1661 1996 1710 il
2032 1665 2046 1702 s

715 1735 804 1781 linc
819 1727 1061 1793 Hospitalia
1074 1728 1304 1775 habebant
1315 1725 1373 1774 ad
1385 1724 1658 1788 recipiendos
1669 1725 1888 1790 hospites:
1903 1727 2000 1789 qu'v

716 1798 804 1857 bus
816 1797 945 1859 gtaeci
959 1808 1065 1840 cum
1091 1796 1243 1855 primis
1267 1790 1521 1838 humaniter
1531 1794 1719 1853 acceptis
1730 1791 1999 1838 instruebant

715 1859 919 1911 cubicula
934 1858 1138 1905 Triclinia
1163 1859 1208 1905 &
1232 1869 1338 1902 cum
1353 1868 1470 1917 penu
1486 1854 1611 1901 cellas
1625 1868 1678 1901 ac
1688 1857 1837 1915 primo
1850 1854 1921 1901 die
1935 1853 1997 1901 ad

717 1939 900 1975 coeuam
916 1919 1352 1983 inuitabantzpostero
1365 1920 1602 1965 mittebant
1614 1917 1759 1980 pullos
1773 1933 1862 1966 oua
1875 1918 1995 1967 olera

717 2003 863 2054 poma
877 1984 1105 2050 reliquascp
1118 1999 1182 2033 res
1191 1982 1500 2046 agrestes‘quae
1514 1983 1649 2028 Xenia
1663 1993 1905 2031 uocarunt:
1921 1981 1998 2029 hat

716 2056 887 2105 bebant
899 2051 1105 2100 secretam
1119 2053 1162 2096 in
1179 2049 1247 2094 his
1261 2045 1550 2109 hospitalibus
1563 2046 1806 2094 libertatem
1821 2057 1871 2093 ut
1884 2045 1996 2096 ost&

720 2119 786 2174 dit
800 2117 1014 2180 Apuleius
1030 2116 1073 2161 δι
1087 2111 1213 2160 refert
1229 2110 1470 2161 Vitruuiusz
1482 2111 1621 2157 Graeci
1631 2124 1739 2157 uero
1750 2110 1997 2159 Andron'as

718 2194 886 2232 uocant
897 2179 1146 2229 Oecos¹ubi
1159 2178 1367 2225 conuiuia
1380 2176 1514 2223 uitilia
1524 2173 1663 2222 soient
1676 2173 1817 2239 esserq
1831 2189 1886 2222 eo
1898 2188 1998 2223 mut

719 2248 843 2296 lieres
857 2259 952 2294 non
967 2241 1201 2291 accedant:
1217 2243 1295 2303 qui
1309 2243 1404 2288 oeci
1428 2238 1487 2286 ad
1503 2238 1731 2286 meridiem
1742 2240 1999 2302 spedabant

720 2325 817 2361 tam
832 2311 982 2373 ampla
995 2304 1304 2371 magnitudine
1316 2307 1378 2351 uti
1390 2302 1514 2350 facile
1524 2307 1568 2350 in
1581 2306 1655 2350 eis‘
1668 2305 1878 2351 Tricliniis
1891 2315 2000 2366 quat

721 2388 825 2426 tuor
836 2373 972 2423 stratis
987 2370 1359 2420 ministrationum
1387 2367 1593 2432 iudort‘tq3
1606 2372 1748 2430 operis
1763 2368 1888 2417 locus
1901 2362 1999 2430 post

724 2440 785 2489 set
798 2435 879 2486 esse
890 2435 1102 2501 spatiosus
1126 2433 1296 2483 fiebant
1319 2436 1363 2482 δι
1378 2433 1447 2482 alii
1458 2437 1553 2482 oeci
1568 2431 1626 2480 ad
1650 2432 1995 2493 septentrionem

724 2500 1139 2553 utExedraesuitidia
1151 2497 1364 2568 uersusg&
1376 2497 1600 2566 aliitquoq
1615 2494 1997 2564 constituebantur
