2148 3068
253 516 385 566 Flaus

251 584 380 656 Cinis

253 1087 478 1140 Lixiuium

260 1215 370 1264 Lixa
398 1259 400 1261 .

257 1281 441 1340 Elixum

258 1344 378 1393 Lixae

253 1787 495 1843 Suffitores

259 1916 389 1970 Follis

266 2168 498 2222 Folliculus

1126 140 1329 192 LIBER.
1487 140 1545 191 Η.

645 253 713 302 Ex
725 267 815 302 una
830 251 1004 301 scintilla
1017 250 1218 302 incendia
1235 250 1475 319 passimzcui
1497 250 1779 315 adstipulatur
1791 248 1897 298 illud
1907 248 1989 299 Ec!

646 317 988 366 clefiastici.xi.ab
1002 314 1177 364 scintilla
1188 332 1279 366 una
1290 328 1474 382 augetur
1486 320 1600 381 ignis
1611 332 1623 364 ε
1634 316 1725 364 Erit
1738 320 1749 363 i
1783 319 1867 363 itur
1882 314 1989 363 scin‘

631 382 733 429 ,tilla
743 384 888 445 ignita:
903 376 1048 436 fauilla
1062 380 1365 441 quodamodo
1378 384 1484 428 cinis
1495 396 1521 429 a
1535 380 1739 430 fouendo
1783 381 1861 427 ida
1875 392 1991 443 quat

642 444 675 492 si
691 443 839 493 souilla
853 457 898 505 qi
913 446 1062 506 ignem
1078 443 1250 492 foueat:
1263 444 1349 492 siue
1361 449 1510 507 potius
1524 444 1647 509 quasi
1659 443 1816 492 flauilla
1828 459 1853 491 a
1866 444 1988 492 colo!

644 522 812 556 reznam
829 510 872 554 δι
887 508 1106 554 Pacuuius
1120 505 1288 555 flauum
1306 508 1414 556 dixit
1426 509 1620 570 puluere‘.
1636 520 1684 556 ut
1694 509 1856 556 Gellius
1867 507 1984 555 testat

644 573 853 619 tut.Cinis
866 580 1017 617 autem
1035 568 1148 616 nihil
1161 571 1280 618 aliud
1294 572 1349 619 est
1361 586 1503 633 quam
1524 573 1672 634 puluis
1684 575 1728 619 in
1741 586 1879 636 quem
1892 580 1986 618 mat

641 638 757 684 teriae
771 635 860 681 uste
872 631 1183 697 rediguntuttls
1195 638 1326 681 etiam
1339 634 1418 681 Lix
1429 635 1990 691 uocatur.Pliniusi.xxxv1.

640 697 853 749 conuulsa
866 697 1027 745 uiscera
1039 707 1116 744 aut
1126 696 1309 746 contusa
1321 708 1370 744 ut
1382 697 1509 746 Varo
1518 708 1649 747 autor
1661 698 1718 744 est
1729 711 1740 745 ε
1751 697 1850 762 ipfis
1861 702 1984 746 enim

641 765 788 810 uerbis
800 765 892 809 eius
903 772 1000 808 utar
1013 760 1072 808 lix
1084 763 1192 808 cinis
1207 763 1352 826 inquit
1375 759 1432 808 est
1445 759 1535 810 foci
1549 760 1651 808 inde
1664 765 1785 810 enim
1807 764 1912 809 cinis
1922 762 1989 809 lut

642 830 754 875 xatis
766 836 901 890 potus
916 824 1128 875 medetur.
1144 828 1188 873 δε
1200 824 1298 874 licet
1311 823 1458 873 uidere
1467 823 1732 890 gladiatores
1747 839 1852 874 curn
1866 823 1991 873 delu·

640 890 770 939 serint
783 891 867 938 hac
881 892 1019 937 iuuari
1029 893 1219 952 potione
1229 925 1243 938 .
1267 888 1379 938 Illud
1394 892 1561 937 mitum
1575 890 1632 937 est
1652 889 1781 953 quod
1793 887 1913 937 idem
1926 902 1987 937 tet

640 954 724 1003 fert
734 954 971 1004 libro.x1.&
985 952 1072 1015 ipse
1085 955 1180 1016 post
1192 955 1456 1018 experientia
1469 952 1786 1002 didici.Muscis
1796 953 1812 1002 i
1824 954 1988 1002 humor

641 1033 687 1068 re
699 1033 753 1066 ex
766 1022 888 1066 anim
895 1022 975 1067 atis
989 1018 1020 1066 s1
1033 1021 1173 1067 cinere
1184 1017 1436 1068 condantur
1449 1017 1616 1065 reddire
1626 1022 1767 1067 uitam
1780 1034 1793 1067 :
1806 1017 1989 1082 Signifit

643 1093 714 1132 cat
725 1085 769 1130 &
785 1084 841 1130 lix
856 1096 1026 1146 aquam
1049 1086 1179 1131 cineri
1191 1086 1384 1132 mixtam
1394 1094 1445 1130 ut
1469 1081 1612 1130 scribit
1634 1085 1842 1132 Nonius:
1855 1081 1986 1145 quod

642 1160 785 1213 genus
800 1146 1135 1195 nunclixiuium
1150 1151 1417 1198 nominant.
1427 1145 1677 1195 Columella
1689 1147 1800 1195 libro
1817 1151 1872 1194 rei
1886 1145 1988 1195 rusti

644 1226 707 1261 cae
721 1211 900 1260 decimo
914 1213 1178 1261 tertio.Sunt
1190 1216 1268 1276 qui
1281 1212 1457 1261 culmos
1473 1210 1590 1259 fabae
1600 1221 1787 1259 exurant
1801 1212 1845 1257 Bc
1860 1223 1913 1265 ex
1928 1224 1986 1260 eo

642 1274 773 1341 quod
785 1278 1074 1324 cremauerint
1085 1281 1223 1324 cinere
1238 1278 1438 1324 lixiuium
1451 1275 1711 1324 facifitAEmra
1724 1289 1832 1324 ueto
1855 1288 1995 1336 aqua:

644 1339 756 1388 Inde
770 1339 933 1388 elixum
962 1355 1081 1403 aqua
1097 1342 1272 1391 coitum
1288 1358 1299 1390 ε
1315 1344 1357 1389 &
1370 1340 1491 1389 Lixae
1506 1344 1583 1405 qui
1596 1354 1765 1405 aquam
1779 1339 1990 1388 ministrat

647 1415 802 1454 autore
819 1402 1049 1452 Marcello·

661 1468 1035 1526 :dm-*iones
1050 1468 1333 1516 instrumenta
1348 1464 1449 1516 sunt
1463 1468 1630 1532 quibus
1646 1465 1793 1530 spiritu
1809 1467 1990 1514 interuet

668 1531 704 1561 (ἴ
747 1526 838 1584 ςᾱῖ.
853 1512 879 1545 ⁹
896 1527 1057 1595 §niente
1072 1536 1184 1596 ignis
1200 1531 1390 1581 suscitas:
1403 1532 1724 1596 Vergiliusmn.
1738 1530 1823 1576 Alii
1834 1541 1990 1579 uentO'

671 1628 694 1658 ,ἴ
802 1596 842 1663 φίζ
896 1592 963 1685 'sis
977 1595 1157 1644 follibus
1170 1610 1298 1644 auras
1311 1599 1531 1659 accipiunt
1543 1593 1862 1658 redduntcgzhis
1876 1605 1991 1642 utun

674 1676 678 1683 ¹
709 1670 711 1672 ·
824 1669 827 1672 ·
847 1658 887 1692 ¹>-
920 1671 990 1706 tut
1005 1660 1188 1706 ferrariae
1200 1665 1500 1724 argentariaeq3
1512 1656 1710 1709 officinae
1721 1674 1732 1706 t
1745 1670 1929 1706 utuntur
1941 1662 1988 1707 δι

642 1728 779 1787 coqui
791 1722 864 1770 sed
876 1722 1071 1785 paruulis
1084 1737 1141 1771 ne
1152 1736 1270 1786 opus
1281 1721 1331 1771 sit
1342 1725 1445 1788 igne
1460 1725 1608 1772 buccis
1620 1719 1849 1772 insufflare:
1861 1719 1991 1786 quod

643 1793 723 1852 qui
737 1787 905 1835 faciunt
917 1784 962 1835 su
969 1785 1138 1835 ffitotes
1150 1785 1547 1836 dicuntut:Primus
1557 1784 1823 1835 Anacharsis
1834 1786 1988 1845 scytha

644 1850 953 1916 Philosophus
964 1851 1104 1899 Folles
1116 1853 1229 1915 ignis
1241 1850 1507 1901 suscitatores
1518 1851 1659 1900 {uenit
1671 1861 1719 1897 ut
1731 1848 1858 1909 refert
1870 1851 1987 1903 Siras

645 1915 925 1967 boiibtoxu.
942 1914 1069 1964 Follis
1083 1917 1191 1962 item
1237 1916 1290 1963 ila
1305 1915 1460 1963 dicitur
1473 1917 1629 1964 lusoria
1641 1915 1788 1976 spiritu
1801 1913 1990 1961 tumefaa

646 1979 783 2030 &atde
795 1994 887 2044 qua
899 1978 1083 2028 disticho
1097 1978 1193 2026 lusit
1204 1930 1389 2028 ⁸[zslartjn
1403 1982 1440 2025 A
1449 1980 1709 2042 pophorctr?
1718 2012 1731 2024 .
1755 1979 1817 2025 Ite
1830 1977 1985 2041 procul

644 2047 828 2093 iuuenes
840 2046 959 2091 mitis
971 2044 1083 2091 mihi
1096 2047 1274 2091 conenit
1285 2044 1522 2092 aetastolle
1533 2042 1656 2090 decet
1667 2055 1829 2103 pueros
1840 2042 1989 2090 ludere

648 2111 753 2160 folle
766 2107 1022 2157 seneszhanc
1035 2107 1191 2170 ργᾶιις
1202 2113 1352 2170 primo
1365 2107 1626 2157 monstrauit
1638 2142 1651 2154 .
1665 2106 1736 2153 Est
1751 2120 1775 2153 a
1789 2105 1893 2155 folle
1905 2106 1990 2167 hy)

645 2174 925 2237 pocoristicos
941 2171 1276 2222 folliculusthinc
1285 2172 1568 2236 Tranquillus
1583 2172 1722 2221 scribit
1735 2171 1988 2234 Augustum

644 2236 864 2286 Caesarem
877 2231 1044 2285 omissis
1055 2238 1436 2287 exercitationibus
1448 2235 1760 2299 campestribus
1775 2235 1833 2282 ad
1848 2235 1985 2298 pilam

647 2305 799 2364 primo
813 2300 1104 2364 folliculum&
1117 2296 1364 2348 trasissetnec
1377 2313 1418 2347 te
1433 2313 1617 2349 moueat
1631 2299 1760 2362 quod
1772 2298 1906 2362 pilam
1921 2313 1988 2351 no

650 2369 824 2411 minatit
839 2368 883 2411 &c
897 2362 1265 2413 folliculum-nam
1279 2363 1401 2428 apud
1413 2378 1578 2412 ueteres
1592 2376 1680 2412 etat
1696 2368 1739 2412 &
1752 2364 1839 2426 pila
1853 2377 1985 2428 paga!
2001 2414 2005 2418 ‚

650 2431 747 2475 nica
762 2429 1041 2494 &trigonalis
1057 2427 1113 2476 cle
1125 2432 1290 2494 quibus
1305 2432 1508 2478 meminit
1521 2429 1885 2494 epigrzimatarius
1896 2440 1985 2494 poe

650 2501 695 2538 ta
710 2494 753 2538 in
769 2493 805 2537 A
809 2506 904 2556 pop
911 2494 1087 2545 horetiS.
