2148 3068
728 215 892 264 branea
905 214 1071 277 peperit
1082 215 1242 279 gallina
1255 214 1339 264 dici
1350 215 1568 282 audiotqfi
1581 216 1715 270 molle
1729 219 1773 267 ει
1785 229 1926 280 ωηεςι
1938 217 2018 267 hv

738 278 878 342 palon
890 282 1018 342 gtaeci
1031 292 1248 329 uocantzor
1255 291 1460 332 πηιλοσ-
1473 294 1608 331 tener.

672 346 718 394 H
732 356 800 392 eta
816 343 958 404 priscis
971 345 1146 391 minimi
1159 359 1223 392 res
1238 351 1380 408 praecii
1390 350 1449 397 ab
1463 346 1602 398 birido
1613 346 1737 412 quast
1752 349 1880 397 Hieta
1894 357 1944 394 ut
1954 346 2013 395 est

279 398 419 450 Heffl
734 407 934 457 oscitatio
945 408 1090 470 inquit
1101 407 1232 456 festus
1246 424 1295 457 ut
1310 411 1509 461 hominis
1523 412 1706 460 halitus!
1718 414 1855 461 Heda
1868 411 2013 475 pustua

733 471 833 583 igin
847 469 1031 522 summo
1046 476 1173 536 panis
1185 474 1356 539 surgere
1367 481 1476 525 inter
1487 477 1783 542 coquendum
1797 478 1918 529 solita
1932 492 1944 525 :
1957 486 2009 524 ut

772 549 949 582 iximus.

677 604 724 651 H
736 602 1079 650 ammoniacum
1089 600 1184 649 salis
1197 614 1342 663 genus
1353 617 1451 666 quo
1471 604 1701 664 Cyrenaici
1713 605 1872 654 tradus
1885 606 2013 655 nobit

739 666 920 713 litantur
931 662 1034 712 ideo
1048 667 1289 715 nominati]
1300 669 1481 716 uoluere
1491 682 1537 731 q
1551 667 1632 718 sub
1641 673 1782 720 arenis
1793 668 2012 719 inueniaf:

740 742 850 778 nam
866 732 912 776 &
938 740 1083 778 eterra
1098 729 1267 779 foditur
1291 730 1348 779 sal
1363 727 1501 781 foffiie
1511 733 1640 796 quod
1666 733 1821 783 dicunt
1832 752 1843 774 r
1856 735 2012 801 glebas

740 795 906 856 uulgus
922 789 1069 842 Micas
1080 793 1273 858 appellat
1283 799 1427 861 inquit
1440 796 1712 846 Plinius:St‘1t'
1720 801 1765 846 δι
1776 804 1914 848 natiui
1929 801 2011 847 mo

739 869 805 906 tes
819 858 914 906 salis
927 861 1140 923 inquibus
1155 859 1388 922 lapidicina
1399 875 1452 909 ex
1465 861 1613 910 modo
1625 861 1792 910 ceditur
1804 863 2015 912 renascesr

737 921 915 971 scintilla
929 921 1023 971 salis
1036 921 1245 972 leuiffima
1262 927 1306 973 &
1318 921 1623 975 candidissima
1637 924 1721 975 flos
1734 924 1830 975 salis
1843 927 2020 978 uocitaf

281 980 498 1046 salsilago
743 989 802 1035 est
818 994 862 1037 &
878 985 1050 1054 salsugo
1063 1003 1166 1053 quae
1181 992 1226 1037 &
1237 989 1455 1055 salsilago
1469 1001 1565 1041 tota
1585 989 1754 1055 liquida
1767 991 1913 1040 eidem
1933 992 2015 1038 Plit

741 1055 1135 1105 nio.xxxi.&.xvm.
1144 1054 1307 1102 Ciceris
1320 1057 1465 1120 inquit
1477 1066 1633 1103 natura
1647 1054 1707 1103 est
1718 1054 1833 1104 nasci
1843 1058 1901 1104 εὖ
1914 1053 2020 1104 salsv

743 1116 892 1181 lagine
906 1120 951 1165 &
965 1117 1068 1167 ideo
1079 1117 1225 1168 solum
1238 1121 1437 1170 uriteHoc
1449 1118 1636 1184 quidem
1648 1123 1759 1168 inter
1771 1133 1934 1172 omnes
1946 1122 2022 1167 εό)

741 1184 863 1229 uenit
876 1195 972 1230 non
987 1183 1109 1231 erodi
1123 1195 1217 1233 non
1231 1184 1471 1247 putrescere
1482 1182 1604 1232 de‘tes
1617 1183 1649 1233 sr
1660 1187 1762 1247 quis
1774 1191 1909 1233 mane
1919 1198 2020 1248 quo

744 1244 848 1295 tidie
861 1250 1031 1294 ieiunus
1048 1245 1132 1296 sale
1142 1253 1368 1299 contineat
1378 1248 1460 1298 sub
1472 1249 1625 1312 lingua
1639 1248 1786 1299 donec
1795 1247 2019 1314 liquescat:

678 1312 725 1359 H
753 1311 1047 1372 eliochrysum
1063 1312 1249 1360 herbam
1264 1329 1404 1376 quam
1422 1313 1491 1361 alii
1513 1312 1823 1371 chrysanthon
1835 1323 2017 1365 uocant:

284 1372 583 1436 Chrysanthv
748 1373 1038 1426 Dioscorides
1051 1374 1454 1438 Chrysanrhemon
1467 1377 1702 1440 appellauit
1716 1379 1896 1426 ramulis
1909 1375 2024 1426 cridia

325 1452 441 1491 mon
742 1441 809 1488 dis
825 1440 940 1489 soliis
963 1439 1204 1488 subalbidis
1216 1443 1438 1490 abrotano
1462 1439 1692 1489 similibust
1701 1441 1761 1488 ad
1773 1440 1874 1489 solis
1887 1455 2025 1503 repere

741 1504 897 1553 cusum
911 1517 1053 1552 :nuteae
1066 1506 1232 1552 luciszin
1245 1509 1405 1556 orbem
1417 1504 1551 1553 ueluti
1562 1506 1790 1567 corymbis
1803 1504 2023 1568 dependet

288 1571 578 1621 abrotanum
744 1571 961 1631 tibustqui
971 1570 1075 1632 n‘fiq
1087 1569 1359 1617 marcescunt
1376 1573 1419 1617 δι
1437 1569 1539 1617 ideo
1551 1567 1661 1620 deos
1672 1569 1748 1620 illo
1771 1571 2022 1620 cotonabzit

740 1632 966 1680 Aureliam
980 1644 1147 1682 uocant
1160 1634 1295 1682 uestes
1307 1644 1452 1681 tuetur
1464 1631 1606 1686 odore
1619 1645 1714 1685 non
1728 1635 1961 1699 ineleganti
1973 1645 2025 1682 ut

742 1700 876 1745 tradit
887 1697 1165 1745 -Plinius.xx1:

677 1766 723 1812 H
752 1763 968 1810 aematites
980 1775 1168 1826 magnes
1182 1759 1409 1826 sanguinei
1419 1760 1855 1826 colorisrffingfiinecp
1869 1761 2028 1811 redde‘s

740 1826 772 1875 si
786 1838 948 1875 teratur
961 1837 1011 1874 ut
1025 1827 1153 1875 refert
1165 1826 1569 1878 Plinius.xxxv1.Est
1581 1828 1627 1874 ἃ
1639 1827 1901 1875 Haematites
1913 1829 2025 1890 lapis

740 1891 922 1939 friabilis
935 1894 1016 1954 qui
1030 1890 1282 1939 discernitur
1292 1893 1417 1937 uenis
1442 1892 1704 1938 rubentibus
1717 1901 1766 1937 ut
1779 1889 2029 1956 sanguineis

741 1954 863 2003 unde
876 1959 1003 2020 utriq
1017 1968 1187 2004 nomen
1203 1953 1475 2018 impolitumr

679 2027 724 2075 Η
750 2018 1000 2084 oroscopus
1012 2022 1072 2068 ab
1084 2021 1299 2068 horarum
1314 2016 1389 2065 ins
1380 2020 1579 2080 peffione
1592 2014 1748 2063 dicitur
1768 2015 1926 2080 quido
1939 2016 2021 2065 hor

745 2083 930 2149 roscopa
945 2083 1047 2132 uasa
1059 2087 1203 2148 inquit
1214 2082 1383 2131 Plinius
1394 2082 1666 2131 libro.n.non
1677 2082 1799 2146 ubiq3
1813 2081 1911 2130 eide
1923 2079 2024 2130 sunt

290 2152 580 2218 Horoscopus
745 2149 842 2199 usui
852 2166 866 2190 κ
881 2151 1080 2197 trecentis
1105 2147 1247 2196 stadiis
1261 2158 1338 2195 aut
1359 2144 1609 2212 longissime
1623 2148 1756 2193 etiam
1769 2149 2028 2209 quingentis

745 2215 1026 2262 mutantibus
1038 2211 1079 2261 se
1091 2224 1184 2261 met
1197 2214 1368 2260 umbris
1381 2214 1466 2260 :At
1478 2208 1759 2274 horoscopus
1780 2226 1887 2259 cum
1898 2210 2023 2273 parte

748 2281 849 2327 coeli
864 2280 979 2327 hora
1024 2278 1189 2326 ualibet
1203 2280 1262 2326 ab
1273 2277 1465 2327 inferiori
1490 2274 1755 2337 hemisperio
1767 2273 2021 2338 surgentem

748 2346 808 2392 ab
821 2293 1221 2408 orienre‘ffignificar
1236 2344 1296 2390 ab
1307 2355 1364 2390 eo
1375 2340 1504 2406 quod
1517 2340 1574 2388 est
1593 2356 1615 2385 0
1625 2355 1680 2406 eo
1689 2356 1722 2383 σ-
1731 2343 1929 2405 graecis.r.
1944 2351 2023 2387 tert
2040 2378 2046 2384 .

290 2411 470 2464 Otizon
750 2412 902 2455 minus
917 2412 960 2456 δι’.
976 2406 1079 2455 finis
1090 2408 1352 2456 nominatus
1365 2404 1746 2454 credituttundesit
1760 2408 1804 2452 δι
1825 2403 2025 2453 Orizon‘

750 2487 776 2520 a
791 2473 1043 2523 Iunioribus
1057 2473 1321 2524 astronomis
1332 2468 1587 2521 Ascendens
1601 2468 1859 2535 appellatur:
1873 2470 2024 2531 Diuus
