2148 3068
302 389 501 437 Duabus
513 386 623 435 sellis

293 450 437 500 sedete

296 517 514 567 Thronus

297 642 525 691 Cathedra

297 709 534 758 Scennum

303 899 484 947 Scanna

308 963 447 1024 longa

297 1022 583 1085 Hemicyelus

297 1090 459 1154 Sigma

308 1602 544 1655 Mutitatio

302 1728 482 1793 Syffitia

297 1796 514 1846 sodalitia

303 1858 530 1921 Symbola

307 1925 544 1982 Asvmboli

311 1988 450 2036 Acleti

1168 145 1368 197 LIBER.
1444 168 1448 172 ¹
1627 145 1700 194 ΑΙ.

684 260 807 310 unde
816 259 986 306 Laberii
997 254 1200 306 scomma
1211 259 1265 313 in.
1278 259 1542 309 Ciceronem
1553 257 1738 305 recitans
1765 252 2023 316 Symachus

685 323 809 389 apud
827 320 1118 370 Macrobium
1134 318 1438 387 Mirumiqnit
1451 321 1482 370 si
1495 320 1675 385 anguste
1688 318 1808 367 sedes
1820 322 1899 382 qui
1911 310 2024 368 solet

684 389 862 436 duabus
875 384 981 432 sellis
993 381 1152 432 sedere:
1164 385 1285 447 quasi
1298 399 1380 434 nec
1401 386 1563 434 Caesati
1576 398 1657 432 nec
1669 387 1890 446 Pompeio
1903 379 2024 430 fidus

686 466 742 500 ue
752 450 881 498 refert
893 449 1062 495 Seneca
1076 460 1087 494 ε
1100 447 1273 496 Eadem
1297 464 1443 513 graeco
1455 448 1683 499 uocabulo
1693 449 1911 496 Thronus
1922 442 2026 494 dicit

683 514 1101 577 utzprouetbiorum
1115 511 1390 561 Solomonis
1419 510 1636 576 uigesimo
1649 508 1951 560 Misericordia
1976 511 2025 570 ἃς

682 582 841 629 uetitas
853 575 1105 624 custodiunt
1114 578 1327 638 regem&
1341 579 1576 625 roboratur
1589 576 1819 624 clementia
1833 574 2027 623 thronos

681 637 1012 693 eiustcathedra
1026 652 1169 701 quoq
1183 638 1241 686 ad
1254 636 1499 686 sedendum
1511 644 1702 701 ponitur:
1716 643 1758 686 δι’
1771 641 2027 686 Scamnum

682 725 710 758 a
720 706 903 755 scamno
914 714 963 749 ut
985 703 1146 750 uolunt
1158 713 1268 748 terra
1281 702 1392 749 elata
1408 705 1517 748 inter
1531 701 1647 750 duos
1659 701 1801 750 sulcos
1816 716 1897 763 pro
1911 700 2029 749 sedili

679 763 1205 835 accipitutzMattSedere
1214 768 1258 812 in
1270 779 1293 812 e
1330 768 1472 812 uirum
1487 765 1610 813 liceat
1621 780 1679 814 an
1691 766 1769 813 tibi
1782 764 2031 815 scainistoui

684 838 784 886 dius
795 834 918 883 sexto
933 830 1161 879 Fastorum
1177 831 1296 876 Ante
1328 843 1441 880 ocos
1454 830 1565 877 olim
1578 828 1716 879 scanis
1729 826 1951 878 considere
1964 827 2027 876 Ιόν

681 905 749 966 gis
762 912 865 949 mos
879 890 1171 946 erat.Marcns
1185 892 1330 943 Varro
1343 894 1461 942 aliter
1474 892 1709 942 scamnum
1724 896 2031 956 interpretatus

682 966 739 1013 est
750 976 799 1011 ut
812 966 857 1010 in
873 958 1079 1008 cubiculo
1090 956 1314 1008 dicemus:
1327 958 1399 1007 Est
1410 960 1455 1006 ἃ
1467 957 1716 1019 Emityclus
1742 954 1950 1005 cathedra
1968 955 2029 1004 ad

680 1026 928 1079 sedendum
941 1028 985 1071 in
999 1022 1134 1071 medii
1146 1022 1291 1070 circuli
1303 1023 1502 1072 formam
1515 1022 1638 1070 unde
1647 1035 1817 1071 nomen
1831 1036 1842 1068 t
1858 1034 1965 1068 nam
1981 1023 2027 1068 δι

682 1091 900 1141 Sidonius
915 1087 1199 1148 hemicyclon
1213 1085 1323 1135 dixit
1345 1086 1525 1136 Solium
1535 1089 1581 1133 in
1593 1087 1759 1134 balneis
1772 1084 2030 1132 semirotune

683 1153 888 1208 dum2sed
904 1155 948 1202 δι
962 1153 1159 1200 coenatio
1171 1149 1326 1205 dieitur
1340 1151 1476 1199 ueluti
1488 1151 1648 1214 Signia
1659 1169 1671 1203 ε
1682 1150 1894 1213 Legimus
1903 1145 2028 1212 apud

682 1222 958 1269 Strabonem
972 1214 1202 1265 Lusitanos
1212 1213 1409 1263 sedentes
1420 1218 1631 1263 coenitare
1643 1212 1888 1263 aedificatos
1899 1214 1943 1258 in
1956 1225 2032 1274 pat

684 1288 786 1334 riete
798 1278 1083 1342 Hemicyclos
1099 1275 1518 1328 habentes.Marcus
1528 1279 1688 1327 Cicero
1700 1281 1743 1324 in
1756 1276 2028 1326 LaeliotCum

684 1348 800 1411 saepe
814 1347 953 1395 multa
965 1353 1107 1392 narret
1118 1355 1218 1390 tum
1230 1347 1415 1390 memini
1431 1342 1559 1392 domi
1573 1346 1615 1388 in
1631 1342 1884 1403 hemicyclo
1898 1336 2029 1387 seden

686 1424 779 1460 tem
794 1422 843 1458 ut
857 1408 1024 1459 solebat
1037 1421 1142 1454 cum
1159 1409 1202 1454 &
1219 1420 1305 1470 ego
1317 1403 1447 1454 essem
1463 1418 1552 1454 una
1569 1409 1611 1453 &
1627 1410 1755 1466 pauci
1770 1402 2028 1453 admodum

685 1475 919 1524 familiares
932 1474 975 1518 in
990 1485 1095 1518 eum
1111 1470 1363 1518 sermonem
1376 1469 1502 1516 ‘illum
1518 1468 1703 1516 incidere
1715 1473 1795 1532 qui
1809 1481 1906 1515 tum
1919 1467 2031 1514 mult

684 1544 740 1587 tis
753 1539 841 1586 fere
853 1548 942 1585 erat
955 1539 999 1582 in
1010 1536 1232 1584 ore=Nam
1249 1533 1357 1582 soliti
1370 1534 1542 1581 fuerant
1555 1533 1788 1597 antiqui:id
1801 1529 1929 1595 quod
1944 1535 2031 1582 Por

684 1604 862 1652 sthuma
876 1613 981 1648 aetas
994 1601 1153 1662 recepit
1171 1602 1321 1659 patriis
1336 1600 1379 1645 δὲ
1393 1598 1637 1645 uernaculis
1661 1595 1886 1644 esculentis
1898 1598 2031 1654 muti(

685 1679 777 1716 tare
785 1664 890 1713 idest
901 1674 1060 1711 munta
1070 1663 1282 1711 conuiuia
1294 1660 1422 1709 domi
1434 1665 1599 1726 agitare
1612 1677 1623 1707 ε
1637 1675 1741 1724 quae
1751 1658 1966 1710 sodalitia
1979 1670 2030 1708 ut

684 1733 814 1795 graeci
825 1722 979 1789 syffitia
992 1724 1292 1789 appellauere.
1308 1725 1484 1790 Nam&
1510 1719 1699 1786 Syffitos
1714 1726 1770 1773 est
1781 1721 1905 1787 apud
1929 1722 2029 1773 illos

685 1793 867 1845 Sodalis
880 1787 1038 1854 passim
1053 1793 1163 1837 inter
1177 1788 1351 1838 nostros
1363 1792 1584 1852 agitantur
1596 1789 1820 1849 Symbola
1833 1785 2027 1836 collatioae

685 1873 741 1906 ne
753 1856 930 1920 singulis
942 1853 1053 1902 fasta
1067 1851 1190 1901 unde
1198 1865 1382 1904 nomen:
1397 1858 1474 1916 qui
1490 1851 1598 1899 nihil
1611 1852 1873 1901 contulerint
1886 1849 2028 1911 Asym

686 1923 777 1972 boli
791 1921 1001 1968 dicentur:
1015 1928 1065 1966 ut
1076 1916 1216 1966 solent
1229 1921 1461 1981 coenipetae
1475 1921 1518 1965 &
1535 1917 1583 1962 hi
1597 1919 1675 1978 qui
1690 1914 1907 1962 accedunt
1919 1918 2029 1962 inter

685 1985 798 2034 dum
813 1997 862 2032 ut
874 1991 918 2030 in
931 1983 1173 2046 prouerbio
1182 1980 1339 2030 dicitur
1353 1985 1394 2028 &
1408 1982 1553 2028 Cenat
1567 1979 1704 2027 Acleti
1720 1979 1822 2028 idest
1834 1983 1939 2028 citra
1951 1979 2030 2028 Vo

686 2063 928 2099 canonem.

874 2163 898 2176 ¹,
926 2121 948 2126 ··
967 2111 1107 2173 Appae
1121 2105 1327 2158 dicuntur
1349 2124 1452 2173 quae
1466 2108 1592 2171 super
1618 2104 1819 2155 mensam
1841 2106 2033 2162 sternunt

963 2187 1032 2221 tur
1045 2189 1055 2221 ε
1068 2173 1234 2221 Plinius
1248 2177 1293 2220 in
1308 2173 1488 2222 decimo
1509 2185 1640 2221 nono
1651 2169 1812 2220 delino
1837 2169 2030 2218 scribens

737 2291 741 2296 ,
923 2293 937 2297 μ
961 2236 1091 2302 quod
1104 2238 1262 2285 uiuum
1276 2235 1733 2300 appellantzArdentes
1748 2238 1790 2280 in
1803 2232 1914 2283 focis
1928 2237 2033 2282 c6ui

721 2308 740 2327 ¹⁴
850 2330 867 2352 ·:
881 2346 901 2349 ,.
949 2306 1082 2363 'uioye
1092 2300 1292 2349 uidimus
1305 2315 1495 2364 mappas
1510 2299 1713 2350 sordibus
1727 2298 1884 2347 exustis
1895 2297 2032 2361 splenae

689 2365 773 2411 des
766 2379 908 2412 centes
922 2370 1011 2430 igni
1026 2369 1168 2429 magis
1182 2370 1216 2429 (ξιξ
1231 2362 1402 2428 poffent
1415 2363 1720 2430 aquiszvilosae
1732 2362 1856 2424 apud
1865 2362 2033 2409 ueteres

690 2428 854 2476 habita:
870 2427 969 2476 sunt
983 2435 1026 2476 in
1041 2433 1208 2494 praetio:
1226 2431 1329 2476 hinc
1342 2431 1706 2494 epigrammatius
1720 2440 1852 2491 poeta
1865 2431 1909 2474 in
1925 2439 2032 2488 apos

691 2493 887 2555 phoretis
902 2492 957 2541 de
971 2510 1044 2543 ma
1048 2500 1147 2558 ¹ppis
1160 2498 1373 2542 nimirum
1389 2495 1652 2557 intelligens:
1667 2492 1882 2542 Nobilius
1893 2489 2032 2541 uilosa
