2148 3068
475 179 480 185 -
541 135 939 193 GYNOEcrvM

89 259 242 310 Arbor
254 257 499 308 obumbrat
510 246 1032 317 aquasmstendozdecidit
1042 247 1155 297 ensis

154 322 331 384 Quem
344 315 641 367 tuleram:casu
655 315 782 365 labor
795 312 942 377 &ipse
952 312 1089 377 super:

86 386 210 435 Hefit
219 400 297 450 pes
311 386 592 445 ramiszcaput
605 377 756 427 incidit
769 392 918 426 amne:
935 377 1057 442 tuliq3

150 440 1151 500 Foeminazuirmeuuum:flumina:tela:crucem:

152 571 156 572 ⁷
233 564 236 566 Α
248 557 263 571 „
276 532 309 567 μ’
337 508 552 558 Peculum
567 509 782 572 imagines
796 505 962 556 reddit:
975 519 1031 556 eo
1043 503 1262 568 presertim
1284 499 1425 551 utun?

103 572 153 626 ’ἢ
174 620 177 621 ⁷
263 570 549 634 foeminae
559 573 804 637 plurimum
833 573 1048 634 temporis·
1062 572 1186 618 cuius
1197 565 1318 631 apud
1330 566 1424 614 illas

101 650 107 657 ⁴
155 635 191 692 f?
213 666 231 671 ·>
241 675 257 694 Ἐγ
293 685 296 688 .
316 638 531 693 {minima
544 636 729 686 creditur
742 636 900 684 iactura
911 635 1311 684 conterenteszdum
1322 643 1423 694 purt

125 697 506 765 JM-,purisso
518 704 728 751 ruborem
742 712 958 764 genarum
976 701 1019 746 &
1034 698 1271 749 labiorum:
1284 692 1421 742 cerus¹

81 762 369 813 sacandorem
383 766 481 815 colli
495 765 801 829 papillularum
818 766 862 811 δι
884 767 975 814 oris
988 764 1270 809 mentientes:
1288 761 1420 807 Dum

82 828 346 877 retanothris
360 831 403 875 in
417 827 525 878 facie
535 841 683 877 cutem
697 837 943 891 erogantes:
955 826 1065 874 dum
1080 824 1263 876 uolsellis
1276 821 1424 874 Psiilot

80 889 231 956 throq3
256 892 369 955 pilos
383 895 587 941 uellentes
600 892 735 942 :dum
750 896 915 938 crinem
937 889 1187 938 adulterinis
1199 888 1422 938 coloribus

80 965 133 1001 ut
146 957 290 1019 inquit
303 957 552 1019 Cyprianus
565 953 916 1005 mutantes:dum
929 956 1101 1002 reticula
1113 964 1264 1001 aurata
1279 953 1422 999 comis

80 1018 160 1065 illis
173 1034 288 1082 quas
299 1024 433 1069 etiam
448 1019 628 1069 insolare
640 1022 731 1077 hoc
740 1020 796 1066 est
807 1019 866 1067 ad
878 1017 1014 1068 solem
1028 1017 1230 1065 dealbare
1240 1014 1421 1064 consuet

77 1095 239 1130 uerunt
249 1083 494 1147 implentes:
508 1083 618 1132 dum
631 1094 764 1148 caput
776 1085 968 1147 gemmis
981 1081 1251 1130 radiantibus
1264 1091 1423 1129 ornant

79 1148 208 1193 tes:&
222 1151 466 1211 margaritis
480 1148 846 1197 transsucentibus
858 1146 1147 1195 uenuflantes:
1161 1144 1272 1191 dum
1287 1143 1424 1190 uestes

84 1223 412 1272 componentes
437 1225 493 1260 ne
503 1227 634 1278 rugas
655 1212 904 1259 indecenter
928 1212 1156 1258 emittant:
1171 1211 1214 1256 &
1241 1204 1422 1256 mundo

81 1274 251 1336 placete
266 1277 310 1322 δι
325 1273 490 1324 laudati
502 1275 673 1324 student
685 1309 698 1323 .
711 1277 834 1322 Cum
846 1285 941 1323 non
955 1284 1133 1321 tantum
1146 1271 1422 1320 uestimento!

82 1351 185 1385 rum
197 1342 312 1387 nitor
325 1356 337 1387 :
350 1342 625 1389 concinnitas
637 1357 652 1389 ε
663 1343 708 1387 δε
721 1343 815 1387 auti
838 1336 1107 1401 magnitudo
1120 1355 1131 1386 :
1143 1333 1422 1400 gemmosacss

82 1403 267 1450 monilia
281 1403 456 1451 ualeant
468 1403 526 1451 ad
549 1403 739 1452 mulieris
751 1402 931 1452 laudem
957 1411 1182 1464 quantum
1208 1397 1423 1446 modestia

83 1466 128 1511 in
141 1467 271 1513 rebus
284 1469 328 1513 &
341 1469 449 1514 boni
462 1479 674 1516 moreszut
687 1466 933 1516 Aristoteles
945 1465 1366 1516 Oeconomicorum
1383 1460 1424 1508 se

83 1529 239 1578 cundo
251 1526 463 1579 uerissime
477 1534 520 1579 δι
545 1529 760 1581 catholice
773 1530 982 1591 scriptum
999 1530 1192 1592 reliquit.
1218 1523 1423 1575 Facetiffit

84 1606 160 1639 me
172 1592 281 1642 dixit
305 1594 486 1643 Plautus
498 1599 541 1642 in
563 1596 819 1644 mostellaria
843 1593 1054 1642 formosae
1077 1594 1245 1639 mulieri
1260 1591 1318 1638 nil
1340 1584 1423 1637 esse

80 1669 201 1718 opus
215 1658 409 1720 Speculo
420 1660 550 1706 cumi
584 1658 627 1706 sa
640 1657 818 1722 speculo
842 1657 1067 1719 speculum
1080 1656 1129 1704 sit
1141 1658 1395 1703 maximum
1410 1670 1422 1705 z

83 1729 270 1768 utuntur
298 1724 342 1768 &
354 1724 524 1785 pectine
568 1733 721 1771 entato
745 1721 805 1769 ad
817 1735 1001 1768 comam
1026 1717 1334 1784 explicandam
1348 1734 1360 1765 :
1375 1720 1421 1765 δε

81 1783 340 1846 auriscalpio
351 1783 679 1850 dentiscalpi0q3
695 1785 749 1833 de
760 1787 926 1850 quibus
950 1783 1064 1830 insra
1077 1783 1276 1830 dicemus
1290 1798 1301 1830 ε
1313 1780 1424 1829 (τὼν

81 1847 232 1898 mistro
244 1863 385 1913 quoq:
402 1848 577 1912 cuspide
592 1850 725 1897 ferrea
738 1863 850 1912 :qua
865 1852 909 1894 in
925 1850 1129 1895 cinericiis
1152 1850 1302 1909 prunis
1316 1844 1419 1892 calet

80 1910 192 1961 fasta
205 1924 282 1974 per
295 1912 522 1962 ciniflones
536 1916 614 1976 qui
626 1915 815 1960 cineratii
827 1931 838 1963 :
852 1914 1008 1958 Antias
1021 1914 1064 1957 in
1080 1913 1231 1972 primis
1244 1912 1380 1958 crines
1395 1922 1420 1956 a

79 1974 228 2024 fronte
239 1976 457 2038 pendulos
470 1975 783 2038 Caproneasue
805 1975 1113 2024 anteuentulos
1128 1992 1138 2023 :
1153 1974 1339 2036 crispant
1362 1971 1421 2020 ad

81 2038 287 2088 decorem
302 2057 315 2087 :
330 2043 370 2088 ὅ(
388 2040 671 2088 discerniculo
681 2055 778 2103 quo
793 2051 895 2087 ante
908 2039 1102 2088 frontem
1116 2039 1293 2101 capillus
1304 2036 1362 2085 ad
1375 2035 1420 2083 di

79 2100 263 2151 serimen
277 2104 506 2152 diuiditur:
519 2107 615 2151 Acu
633 2107 763 2151 etiam
776 2104 921 2152 crinali
934 2102 990 2150 ad
1017 2116 1171 2150 comas
1187 2112 1323 2150 tortas
1334 2104 1423 2148 cin‘

85 2169 242 2214 cinnos
256 2171 299 2214 δέ
313 2168 488 2216 reticula
502 2171 761 2216 bombicina
774 2166 1043 2215 continenda
1057 2169 1100 2212 in
1114 2166 1208 2230 lege
1222 2168 1266 2212 δέ
1281 2165 1418 2214 stariot

84 2241 163 2280 ne:
178 2233 222 2277 δέ
246 2246 336 2294 qua
351 2245 482 2295 caput
495 2231 693 2295 scalpunt
707 2230 910 2281 cinasona
922 2248 933 2280 :
947 2230 1113 2293 sapone
1123 2228 1342 2294 gallorum
1359 2232 1421 2281 int

85 2305 224 2340 uento
236 2312 246 2344 :
263 2297 532 2346 martiacisue
542 2297 640 2359 pilis
651 2295 863 2346 odoratis:
883 2298 925 2342 δι’
940 2296 1090 2343 lixiuio
1103 2294 1159 2341 ad
1174 2293 1420 2342 rutilandos

83 2356 622 2418 capilloszlnnumerabiles
635 2370 838 2425 practerea
851 2357 1020 2406 resculae
1034 2353 1131 2405 sunt
1143 2357 1199 2404 de
1211 2358 1331 2420 qbus
1343 2355 1420 2405 scri

82 2420 185 2468 bere
194 2419 397 2470 diffusius
410 2422 755 2487 supersedi.adde
768 2439 812 2487 92
826 2423 934 2470 uelle
945 2423 1019 2472 oia
1031 2420 1212 2470 recesere
1225 2434 1327 2483 quae
1342 2435 1418 2470 ma

82 2487 284 2550 tronattfi
297 2487 441 2552 mollis
453 2501 638 2554 ornatus
650 2505 661 2540 :
674 2502 777 2555 qua:
800 2484 1045 2537 luxuriosus
1069 2486 1212 2551 cultus
1225 2485 1419 2551 exposcit

1485 628 1763 692 Purpuriffus

1502 712 1505 714 ·
1517 689 1668 744 ⁴eruss'a

1485 757 1767 808 Ietanothra

1485 819 1692 871 volsellae

1486 882 1776 937 Psillothrutn

1484 949 1692 1000 Reticula

1483 1012 1679 1064 lnsolate

1484 1263 1566 1313 Nil
1577 1277 1696 1330 opus
1721 1264 1819 1333 spes

1517 1330 1620 1378 culo
1813 1330 1817 1335 ’

1484 1392 1798 1443 Calamistrum

1484 1455 1751 1510 Ciniflomes

1515 1524 1595 1585 qui

1482 1584 1697 1634 Cinerarii

1485 1651 1649 1697 Anitiae
1664 1645 1814 1713 discet<

1484 1713 1685 1760 niculum

1483 1777 1734 1839 Caproneae

1485 1840 1669 1888 crinalis
1683 1851 1790 1888 acus

1483 1905 1658 1951 Cincini

1482 1967 1709 2016 Cinasona

1484 2032 1673 2095 &agona

1483 2092 1717 2145 Mattiacae

1481 2159 1587 2209 Pilae
