2148 3068
564 145 818 197 PISCINA
1335 159 1420 215 34.⁴

79 278 146 315 tes
159 264 372 329 adeptum
387 258 472 309 dici
482 253 605 322 posse
614 255 819 308 nonnulli
831 254 1130 304 existimarunt
1142 252 1254 319 :ipse
1267 258 1420 301 tamen

75 329 328 379 hirudinem
351 325 500 387 potius
513 320 830 386 appellandam
863 314 946 366 effe
958 318 1215 368 crediderim
1229 333 1255 367 a
1268 317 1422 382 quadi

81 391 293 442 hirudinis
307 388 499 453 palustris
512 400 615 450 quae
627 382 902 452 sanguisuga
912 385 969 431 est
981 380 1420 432 i‘imilitudinezlaudal

78 470 150 506 tut
160 452 395 518 impensius
410 466 433 499 e
444 451 621 500 Rhetiae
637 451 734 498 lacu
749 451 1027 513 brigantino:
1040 449 1266 497 Neoterici
1277 462 1302 495 a
1313 447 1350 495 la
1358 461 1418 494 mv

79 519 236 570 bendis
247 520 377 582 petris
392 517 657 579 lampetram
672 512 1004 563 dixere.habent
1017 516 1059 561 δέ
1074 511 1199 561 suam
1211 510 1422 560 comedat

77 589 247 635 tionem
259 579 395 644 pisces
419 593 540 628 extra
554 580 723 627 Italiam
738 578 795 627 cii
808 578 874 624 alii
887 578 935 624 tsi
949 577 1196 626 Coracinus
1220 578 1422 640 princeps

72 648 236 695 nilliaci
251 643 490 706 macell=(ut
502 644 568 692 ille
580 645 790 707 inquio&
804 640 964 690 Salmo
975 644 1019 688 in
1033 644 1276 705 Aquitania
1287 639 1422 688 fluuia

74 711 161 760 tilis
175 709 381 773 praelatus
392 710 609 758 omnibus
624 710 805 756 marinis
816 707 993 755 auflote
1005 706 1168 755 Plinio.

230 814 241 817 Α
327 816 329 820 ⁴
351 772 546 837 Nguiliae
558 770 741 836 piscium
764 770 867 820 solae
879 773 1105 818 exanimes
1118 782 1215 819 non
1227 767 1401 818 fluitant
1412 785 1424 819 t

172 843 177 853 ⁴
268 886 313 890 ,
351 839 467 886 Non
480 851 577 887 ouo
589 840 652 884 n6
669 839 789 884 coitu
802 848 877 882 eas
887 838 1104 897 procreati
1115 831 1314 883 affirmat
1329 836 1424 881 Aris

126 890 147 958 ζ
180 936 223 953 Ψ
250 962 253 964 -
294 899 333 964 33
350 901 519 951 stoteles
535 936 546 949 .
556 899 795 948 nascuntur
807 914 914 963 ergo
926 913 978 946 ex
992 899 1062 946 his
1076 914 1180 962 quae
1207 911 1328 949 terrae
1342 912 1425 948 uot

114 1016 116 1018 ,
137 1012 151 1018 ,
186 949 250 1001 ‘25'
307 974 331 1023 ἧ,
346 963 669 1014 cant.1ntestina
683 964 840 1028 sponte
853 969 895 1009 in
909 962 1348 1028 lutothumescenteq3
1361 963 1426 1011 hu

75 1044 205 1078 more
221 1032 521 1094 prouenientia
534 1045 547 1075 :
561 1041 658 1077 tum
674 1034 718 1077 in
742 1031 851 1075 mari
867 1040 964 1075 tum
978 1033 1110 1076 etiam
1123 1032 1168 1075 in
1191 1026 1335 1075 fluuiis
1348 1026 1426 1076 stat

77 1092 217 1158 gniscp
229 1092 473 1156 putredinis
488 1092 746 1145 rationersed
759 1099 802 1141 in
815 1097 926 1139 mati
940 1107 1032 1156 qua
1045 1092 1157 1158 algae
1168 1091 1279 1140 sunt:
1291 1096 1336 1139 in
1350 1091 1428 1141 stat

77 1161 176 1222 gnis
191 1162 234 1205 δι
248 1156 508 1204 fluminibus
523 1163 641 1206 iuxta
658 1157 909 1217 ripas:calor
920 1162 1041 1204 enim
1053 1172 1126 1207 eas
1142 1155 1319 1205 subiens
1333 1170 1428 1220 part

78 1233 143 1269 res
159 1220 322 1269 facitur
335 1221 606 1283 putrescant.
619 1221 867 1269 Vescuntur
881 1225 1004 1268 certis
1015 1221 1123 1270 locis
1137 1220 1247 1269 limo
1263 1223 1308 1269 δι
1323 1218 1427 1268 εᾶιιν

76 1286 142 1334 liis
157 1285 187 1332 si
203 1289 303 1348 quis
318 1285 606 1348 apponatzsed
618 1287 819 1349 plurimae
832 1284 1158 1335 dulci'humore
1170 1288 1312 1333 uiufit.
1329 1283 1427 1350 1ch

79 1352 257 1396 uiuariis
282 1348 545 1414 Anguillari‘i
557 1350 714 1398 dantes
727 1363 913 1411 operam
931 1347 1095 1397 seruare
1109 1348 1402 1398 consueuerixt
1417 1363 1428 1396 t

77 1425 126 1459 ut
140 1417 176 1477 ᾗ
191 1418 385 1462 maxime
397 1428 504 1476 pura
517 1411 565 1462 sit
579 1428 698 1477 aqua
708 1412 878 1462 afluens
892 1412 1061 1477 semper
1075 1417 1118 1461 &
1134 1412 1429 1475 efluenszQe

72 1476 329 1526 admodum
343 1477 429 1527 esti
442 1477 647 1540 piscinula
659 1477 804 1527 nostra
829 1476 1261 1541 Bugolesiana:breui
1273 1491 1427 1544 namq

76 1540 154 1589 nisi
166 1556 216 1589 ea
232 1541 358 1590 fuerit
370 1541 571 1604 lympida
595 1541 903 1606 asttangulatae
928 1547 1168 1591 intereunt.
1182 1542 1427 1591 Branchias

76 1611 241 1653 etenim
256 1608 420 1669 quibus
436 1610 579 1655 maior
591 1619 692 1670 pars
738 1606 887 1654 iscium
900 1605 1031 1669 spirat
1046 1610 1228 1672 exiguas
1243 1607 1427 1656 habent:

75 1669 183 1719 hinc
194 1674 370 1719 turbate
381 1685 550 1734 aquam
565 1670 680 1721 soliti
710 1682 791 1716 unt
801 1674 878 1734 qui
892 1672 984 1718 illas
1001 1669 1312 1733 piscantur.De
1325 1672 1423 1718 lacu

75 1732 318 1796 ‘r'piscinam
333 1748 409 1796 per
422 1733 614 1782 aestatem
628 1736 847 1786 transsatae
857 1739 1005 1781 uiuere
1015 1735 1110 1782 n‘on
1124 1731 1424 1797 poffuntthyes

76 1810 153 1849 me
165 1811 275 1845 ueto
287 1798 410 1846 facile
434 1800 619 1847 tolerant
631 1795 741 1851 sedis
767 1803 1038 1851 mutationes
1051 1797 1130 1844 :sic
1141 1810 1294 1846 autem
1319 1798 1424 1847 ideo

76 1859 204 1909 diclae
219 1860 426 1909 uidentur
437 1877 482 1924 gp
497 1859 636 1926 specie
650 1876 846 1925 anguem
866 1859 1153 1924 representem
1167 1876 1177 1910 ε
1190 1861 1311 1909 unde
1323 1896 1335 1909 .
1346 1858 1422 1909 M.

75 1923 223 1972 Varro
236 1925 290 1972 de
305 1928 538 1975 uocabulis
551 1928 811 1990 aquatilium
826 1927 913 1974 :Ex
928 1937 1050 1988 parte
1071 1928 1215 1988 inquit
1229 1941 1253 1974 a
1280 1925 1423 1975 similit

75 1989 162 2036 bus
173 1989 321 2054 aliqua
335 1992 464 2039 rebus
488 1988 585 2038 sunt
600 1991 806 2037 transsata
821 2002 869 2037 ut
893 2002 949 2036 an
986 1988 1082 2036 uilla
1101 1992 1143 2036 &
1160 1990 1422 2054 lingulaca:

75 2066 180 2114 quae
193 2056 252 2102 ab
267 2055 654 2104 Aritotelae.Glotis
666 2054 900 2117 Anguillas
917 2069 940 2100 a
991 2057 1213 2103 tricennos
1228 2054 1361 2117 pedes
1377 2056 1424 2104 16

73 2130 156 2180 gas
169 2116 327 2169 educat
337 2132 507 2184 ganges
525 2118 660 2168 indiae
674 2131 722 2165 ut
734 2118 924 2168 scribunt
937 2116 1105 2165 Plinius
1122 2121 1166 2167 &
1179 2119 1365 2171 Solinus
1377 2124 1424 2168 in

76 2179 362 2235 colleffaneis.

192 2282 195 2284 -
210 2290 213 2292 .
269 2253 292 2257 ·”
307 2275 313 2278 -
347 2247 489 2313 Vgssis
503 2245 689 2308 piscium
707 2251 919 2298 omnium
942 2246 1190 2311 squammis
1214 2246 1428 2298 intedon'r

348 2309 643 2366 uelocissimus
654 2315 732 2361 est:
747 2315 805 2360 At
816 2314 1025 2361 omnium
1051 2311 1310 2361 animalium
1327 2325 1427 2362 tum

122 2437 124 2439 ‚
157 2434 161 2436 Ἴ
331 2420 334 2423 .
350 2376 585 2424 terrestium
595 2391 698 2425 -tum
727 2377 990 2440 aquatilium
1018 2373 1341 2425 uelocissimum
1366 2374 1421 2424 est

96 2461 101 2482 ι
121 2466 133 2470 »
145 2466 269 2495 ·..2..>..
282 2490 316 2495 Ψ,
333 2440 391 2487 'se
406 2440 683 2505 Deiphinem
698 2441 942 2490 Aristoteles
967 2440 1152 2490 historiae
1163 2442 1426 2491 animalium

74 2495 236 2553 ultimo
264 2500 476 2567 scriptum
500 2503 674 2572 reliquit
688 2507 857 2560 :Huius
879 2516 1036 2554 natura
1062 2505 1303 2582 deridetur:
1315 2519 1425 2563 nam

1170 2583 1197 2618 e
1233 2585 1263 2619 n

1485 374 1768 445 sanguisuga

1486 443 1673 494 Hirudo

1486 568 1724 634 [ampetta

1485 637 1740 685 Coracinus

1486 700 1651 752 Salmo

1489 955 1665 1008 lntessia
1689 968 1814 1007 terrae

1489 1346 1820 1415 Anguillarium

1490 1472 1775 1540 Bigolesiana

1491 1544 1658 1602 piscina

1490 1603 1728 1655 Branchiae
1757 1677 1760 1679 Β

1489 1988 1730 2056 lingulaca

1490 2055 1658 2108 Glottis

1494 2439 1700 2509 Delphin
