2148 3068
563 127 958 214 cvfflcvtvt'vt.
1308 181 1396 229 ιος.

61 280 176 328 ηἰηιί
188 275 277 330 sete
289 277 412 346 digiti
423 273 938 339 magnitudinemrclatiffl
961 275 1004 322 &z
1019 275 1150 323 transs
1159 273 1278 323 ucidi
1293 273 1394 322 fadi

60 346 166 393 com
202 347 401 395 ortantut
412 343 456 387 in
468 339 666 390 ramulos
677 341 923 404 genestinos
939 341 1015 386 ubi
1027 339 1162 402 pensa
1178 351 1395 388 euomenr

60 419 125 455 tes
139 412 164 454 il
183 424 206 456 a
219 406 374 454 nidulo
384 414 531 453 ouatae
543 403 703 453 fotmae
715 418 813 467 quo
826 402 1109 452 includuntur
1121 401 1395 452 circundant:

58 472 203 534 postea
214 468 302 518 sole
312 468 465 516 siccata
478 477 568 515 arte
579 468 637 515 ad
652 466 726 514 fila
738 468 980 516 trahfltutte
990 468 1156 531 quibus
1188 470 1320 517 uariat
1345 469 1391 513 in

59 534 176 581 fedis
189 533 323 580 uestes
337 531 610 595 plurifariam
625 534 669 580 &
684 543 890 579 texuntur
906 534 949 579 δι
965 532 1392 595 componuntur.Pri

57 610 160 644 mus
171 595 486 660 Heliogabalus
498 597 736 659 imperator
749 594 1000 645 Holoferica
1011 597 1124 643 ueste
1136 595 1238 643 usus
1251 596 1391 643 eflzcui

57 664 275 709 contraria
289 661 345 707 est
355 660 456 707 Sub
469 659 599 707 serica
610 663 674 706 n6
686 663 732 706 in
745 661 846 709 totfi
859 658 1053 708 sericaeln
1065 660 1254 707 uestibus
1264 657 1388 723 apud

54 727 244 773 maiores
256 725 472 771 luxuriam
488 718 768 786 percrebuisse
783 727 890 770 inter
903 733 1055 772 caetera
1069 723 1232 772 indicio
1243 725 1297 771 est
1311 722 1392 770 exe

55 787 422 850 pluitur-Luculli
435 786 491 834 de
505 802 601 850 quo
614 786 738 850 apud
754 787 1041 835 Plutarchum
1055 790 1098 835 &
1114 786 1290 837 Horati
1303 791 1390 850 epv

54 851 353 901 stolis.Plinius
368 866 510 916 quoq
522 847 659 899 affetit
672 854 708 897 A
713 850 1066 915 gtipinaClaudii
1078 854 1282 914 principis
1296 865 1391 900 uxo

51 927 146 963 tem
160 914 318 963 edente
331 930 387 965 eo
398 927 618 964 certamen
630 916 787 963 nauale
798 913 1001 962 indutam
1016 912 1138 962 suiffe
1148 913 1392 977 paludame

52 989 104 1029 to
112 994 224 1030 auto
238 979 368 1027 textili
382 978 471 1026 line
482 979 568 1027 ulla
580 978 662 1026 alia
676 978 1108 1026 materieNefflmeta
1120 977 1211 1042 ipsa
1224 978 1282 1027 ad
1295 992 1389 1029 cott

49 1055 138 1105 pus
151 1041 240 1091 fere
251 1047 406 1093 omnia
417 1044 561 1091 Zonis
573 1043 1085 1108 astringimustinxquibus
1099 1058 1258 1091 autum
1274 1046 1320 1091 δι
1332 1056 1394 1106 pe

52 1110 236 1154 cuniam
249 1118 481 1170 portarunt
492 1109 666 1170 antiqui
679 1119 729 1153 ut
750 1105 1241 1155 ostendit.C.Gtacchus
1265 1106 1390 1171 apud

53 1170 347 1218 Aul.Gellium
361 1174 404 1217 in
417 1171 620 1219 noctibus
634 1170 909 1217 Atticis.hinc
920 1170 1094 1218 dicebat
1107 1171 1219 1219 Alex
1230 1206 1242 1220 .
1257 1172 1390 1218 Seuer

48 1247 122 1282 rus
137 1231 525 1297 impetatorzMiles
538 1247 633 1282 non
647 1237 773 1281 timet
784 1232 860 1281 nili
873 1235 1048 1280 uestitus
1063 1234 1270 1283 calciatus
1285 1238 1328 1282 δι
1345 1232 1390 1282 sa

52 1308 123 1345 tut
137 1298 308 1346 habens
317 1298 485 1362 aliquid
497 1302 541 1345 in
556 1300 689 1347 zonis
706 1316 719 1348 ε
733 1299 977 1344 Suetonius
989 1301 1031 1343 in
1043 1297 1206 1347 Vitelio
1219 1312 1338 1347 zona
1349 1296 1392 1345 se

51 1376 292 1411 aureorum
303 1361 431 1425 plena
444 1360 740 1409 circundedit.
755 1360 888 1424 Apul.
905 1364 1034 1412 invii.
1051 1361 1391 1412 Praeciosiffimis

55 1425 295 1475 monilium
318 1428 364 1474 δι
388 1440 498 1475 auto
512 1425 723 1476 monetali
738 1428 866 1475 zoni-s
881 1424 1044 1472 refertis
1058 1427 1242 1474 incinda
1259 1430 1329 1478 z&
1344 1431 1391 1474 in

51 1489 301 1554 Euangelio
316 1491 468 1539 Nolite
481 1486 694 1554 possidete
705 1503 864 1536 aurum
879 1502 979 1553 necss
992 1493 1196 1556 argetum
1211 1503 1313 1556 neq
1334 1503 1390 1553 pe

53 1556 233 1601 cuniam
247 1557 292 1600 in
303 1553 448 1602 Zonis
458 1555 603 1603 uestris
618 1556 763 1617 inquit
773 1550 889 1600 Iesus
901 1553 1131 1604 Saruator:
1143 1553 1202 1603 ad
1215 1555 1297 1602 has
1310 1567 1392 1602 not

53 1618 122 1665 stri
149 1615 380 1681 Marsupia
402 1615 530 1666 folles
555 1616 781 1682 pasceolos
797 1620 841 1664 &
857 1626 1090 1666 crumenas
1102 1618 1288 1668 scorteas
1300 1615 1390 1666 siue

55 1679 211 1729 sericas
221 1693 465 1746 argentone
491 1683 536 1729 δε
555 1694 667 1729 auro
679 1689 928 1728 intertextas
939 1680 996 1727 ad
1010 1680 1277 1730 numismata
1291 1693 1388 1744 port

49 1743 187 1793 tanda
199 1745 544 1808 appenduntthis
559 1743 719 1792 fibulas
731 1757 783 1790 ex
794 1742 910 1793 fetro
921 1747 1146 1793 orichalco
1157 1759 1269 1795 auro
1284 1749 1328 1793 δι
1341 1758 1391 1793 ar

50 1819 192 1872 gento
202 1807 413 1856 addimus
423 1809 482 1856 ad
493 1808 654 1856 uestem
668 1805 1078 1871 subligadamzunde
1091 1809 1290 1858 Fibulare
1299 1812 1391 1856 cina

49 1886 152 1934 gere
168 1876 211 1920 &
224 1870 477 1920 diffibulate
490 1871 724 1935 discingere
737 1874 781 1919 δι
798 1873 985 1919 fibulam
999 1872 1390 1923 resoluetetstatius

53 1936 72 1985 i
85 1935 462 1985 Thebaide2totto
474 1935 763 1996 chlamydem
777 1933 1001 1983 diffibulat
1013 1951 1134 1987 auro:
1144 1938 1294 1985 Bulles
1306 1939 1390 1986 etid

54 1998 114 2047 ad
124 2013 336 2050 ornatum
349 2017 361 2051 t
373 2015 476 2064 quae
492 2002 537 2047 &
552 1997 816 2046 diminutiue
829 1999 1013 2048 Bullulae
1027 1999 1230 2048 dicuntur
1242 2017 1255 2048 :
1268 2000 1389 2049 unde

52 2064 189 2113 Zona
202 2064 375 2112 Bullata
387 2068 432 2112 &
446 2064 618 2112 balteus
631 2062 835 2110 bullatus.
848 2065 966 2111 Sunt
979 2075 1118 2112 attam
1127 2079 1182 2111 en
1194 2065 1387 2129 Cingula

54 2140 162 2191 quae
174 2128 305 2179 nodo
315 2139 491 2177 tantum
504 2127 622 2177 facto
634 2126 753 2174 idem
767 2129 973 2189 operetur
986 2144 996 2175 :
1009 2129 1157 2176 Vestes
1167 2130 1270 2177 aute
1284 2128 1383 2192 ipsae

57 2192 198 2239 aestate
208 2191 443 2256 ptaesettim
457 2191 685 2256 diligenter
698 2190 942 2255 inspiciedae
965 2191 1064 2239 sunt
1080 2192 1317 2241 mouendae
1332 2207 1387 2241 ex

56 2256 213 2302 arculis
229 2260 271 2304 δε
286 2257 557 2304 excutiendae
581 2269 658 2319 per
669 2255 816 2304 seruos
829 2254 1075 2319 uestispicos
1090 2261 1255 2321 quibus
1266 2255 1388 2307 illarfi

54 2333 158 2366 cura
171 2319 226 2366 est
236 2318 464 2369 creditatne
479 2324 603 2368 tineis
615 2320 831 2381 pabulum
846 2321 1082 2382 praebeant:
1098 2334 1206 2368 nam
1221 2325 1264 2367 in
1279 2320 1390 2368 lanis

57 2384 104 2429 &
116 2382 343 2446 quibusuis
352 2385 506 2434 lanitio
517 2384 726 2433 confestris
741 2382 1019 2446 puluerulctis
1034 2388 1230 2433 maxime
1242 2382 1389 2433 nasct‘t'

58 2457 128 2493 tur
140 2450 266 2494 tineae
280 2448 510 2510 impendio
522 2447 727 2497 rodentes
738 2459 787 2494 ut
796 2446 934 2495 scribit
950 2448 1195 2498 Aristoteles
1207 2483 1219 2496 .
1235 2449 1373 2498 Inlltu
1382 2465 1392 2479 ·

57 2522 266 2559 mentum
292 2510 350 2561 ad
377 2512 466 2565 hoc
481 2515 644 2563 habete
658 2509 797 2566 solent
808 2512 877 2560 uel
892 2525 914 2560 e
928 2510 1043 2566 lobis
1058 2513 1165 2575 milii
1178 2513 1310 2561 indici
1321 2514 1392 2564 uel

1223 2590 1257 2629 0

1452 592 1708 646 Holoferica

1452 659 1684 709 Subscrica

1450 722 1642 770 Luxuria

1486 789 1532 834 in
1544 788 1736 835 uestibus

1449 1043 1598 1095 Zonae

1451 1547 1569 1610 Auye
1581 1549 1776 1602 moetale

1453 1671 1685 1740 Marsupia

1449 1741 1692 1792 Crumenae

1451 1802 1615 1853 Fibulae

1448 1999 1590 2048 Bullae

1450 2063 1637 2112 Bullulae

1452 2313 1676 2379 Vestispici
