2148 3068
251 274 423 327 vffidffi
703 264 873 315 viridia
884 261 1352 315 Ciceroni‘Macrobio
1358 264 1758 317 ›eccillorvitruuio
1769 264 1992 319 dicuntur«

635 330 682 388 V
692 329 847 380 ersoria
862 332 1201 377 instrumentum
1213 328 1378 378 dicetur
1390 334 1619 379 nauticum
1635 345 1732 394 quo
1743 331 1933 380 naucleri
1945 331 1994 382 sa

699 397 778 443 cile
791 393 1108 456 intelligebant!
1119 408 1214 456 qua
1229 395 1288 441 ab
1311 406 1431 458 parte
1445 396 1543 443 coeli
1555 393 1770 443 adflarent
1783 399 1926 446 uenti:
1940 398 1988 444 δι

697 473 756 507 an
770 457 1037 507 soluendum
1050 455 1164 506 effer:
1178 459 1407 506 Plautinus
1420 458 1651 517 Eurhvcus
1664 462 1708 506 in
1722 470 1991 511 mercatore:

700 523 787 570 Hic
796 532 957 568 uentus
970 535 1092 568 nunc
1102 519 1320 568 secundus
1332 524 1388 569 est
1400 538 1414 560 ι
1426 537 1534 583 cape
1546 522 1694 585 modo
1717 522 1962 572 uorsotiam
1976 537 1990 573 ε

700 586 786 633 Hic
798 585 1023 634 Fauonius
1038 587 1229 631 Serenus
1242 585 1384 633 eflzhic
1401 585 1551 635 Auster
1560 589 1836 636 imbricusaeut
1848 586 1900 636 fit
1912 602 1991 637 uer

701 647 815 699 soria
836 664 862 696 a
874 647 1093 698 uertendo
1106 663 1121 688 t
1132 646 1262 713 quod
1286 651 1331 694 in
1357 648 1521 711 pyxide
1543 648 1751 698 uidemus
1775 653 1987 715 potestate

703 717 924 776 magnetis
938 717 980 760 δι
996 713 1115 760 stiluli
1129 713 1251 760 ferrei
1264 714 1343 776 qui
1358 717 1863 776 gnomonrmonstrantis
1873 717 1989 765 latus

701 777 804 826 coeli
819 781 862 825 δε
877 791 930 824 ex
947 775 1117 839 aspectu
1129 777 1293 825 chartae
1303 777 1416 825 illius
1428 779 1617 824 nauticae
1631 777 1888 841 poligrimae
1906 795 1987 829 ma

703 855 749 890 te
763 846 806 890 δέ
832 841 963 890 clima
978 845 1022 888 in
1049 844 1218 906 quibus
1241 839 1346 889 lint:
1361 839 1599 903 Amalphis
1623 843 1731 888 urbs
1749 841 1807 888 est
1828 847 1988 893 mariti!

698 906 804 955 mai
817 907 1024 968 pecerinis
1036 910 1160 955 cuius
1169 904 1305 953 Ciues
1320 901 1547 969 Magnetis
1561 902 1691 951 usum
1705 907 1996 970 nauigatibus

700 971 902 1034 primi(ut
917 970 1041 1018 fama
1055 970 1131 1034 est)
1143 970 1406 1018 mostrauere
1417 982 1428 1016 ε
1439 967 1589 1030 Qod
1601 974 1889 1018 commonuit
1900 974 1993 1020 ami

701 1048 781 1082 cus
793 1035 937 1083 noster
948 1035 1202 1083 Alexander
1211 1030 1480 1083 Gaboardus
1494 1035 1691 1081 Parmet't
1704 1067 1718 1081 .
1731 1048 1784 1081 ex
1801 1036 1990 1084 Antonii

698 1100 1008 1148 Panormithae
1022 1098 1207 1147 uersn.in
1234 1100 1354 1147 urbis
1366 1101 1459 1146 eius
1483 1096 1687 1146 laudem:
1701 1102 1849 1152 Prima
1864 1097 1989 1147 dedit

698 1167 846 1211 nautis
859 1160 989 1211 usum
1005 1166 1228 1227 magnetis
1242 1161 1494 1226 Amalphis:
1505 1165 1677 1226 antiqui
1690 1164 1768 1211 εἴη
1782 1161 1994 1214 Vorsorii

259 1258 312 1308 Ο
322 1259 333 1272 .
388 1267 414 1305 e
699 1226 1007 1291 dixere.quam
1021 1241 1143 1276 nunc
1166 1226 1405 1275 uersutiam
1417 1242 1430 1276 ε
1443 1229 1577 1291 Ροῆᾷ
1588 1227 1741 1289 Scipio
1755 1227 1994 1276 Africanus

321 1270 366 1307 ¹¹¹
705 1307 738 1341 o
750 1291 917 1339 literam
934 1297 978 1338 in
996 1307 1019 1339 e
1041 1287 1344 1354 pronuntiaffe
1357 1296 1527 1353 primus
1535 1291 1692 1339 dicitur
1701 1294 1746 1339 in
1760 1294 1929 1344 uortice
1942 1295 1990 1342 δι

708 1356 908 1405 uorsurac
922 1355 1105 1420 sequuta
1121 1369 1228 1405 aetas
1242 1360 1286 1401 in
1301 1355 1392 1402 aliis
1407 1369 1565 1419 quoq3:

249 1450 347 1499 Pan·
381 1446 471 1498 hos
640 1418 686 1462 V
700 1424 838 1483 irgata
851 1420 974 1467 uestis
988 1435 1014 1468 a
1027 1423 1158 1484 uirgis
1183 1421 1410 1481 purpureis
1425 1422 1468 1464 in
1481 1433 1532 1465 ea
1542 1418 1717 1466 intextis
1731 1432 1846 1480 quas
1857 1419 1989 1483 graeci

349 1462 379 1514 P
707 1484 943 1547 Parypbos
956 1497 1120 1533 nocent
1135 1499 1150 1523 κ
1163 1483 1298 1530 Vnde
1313 1482 1507 1546 Vergilio
1518 1480 1665 1546 sagula
1680 1486 1988 1547 uirgatatquo

703 1549 811 1598 loco
823 1550 1051 1612 gramatici
1065 1561 1280 1610 purpurea
1294 1550 1644 1607 interpretantur:
1656 1558 1701 1605 q?
1715 1551 1781 1592 uir
1815 1560 1851 1593 ae
1861 1548 1985 1611 ligua

699 1613 852 1677 gallica
866 1611 1154 1673 appellaretur
1168 1610 1439 1671 purpura:At
1452 1610 1621 1658 Seneca
1632 1609 1754 1672 Tigri
1789 1623 1834 1657 es
1848 1614 1990 1677 uit-gat

700 1688 767 1723 tas
779 1686 1010 1736 nuncupat
1022 1676 1127 1738 quia
1143 1670 1377 1720 maculosae
1391 1670 1504 1721 sunt:
1856 1699 1860 1723 ἱ
1967 1700 1970 1702 -

637 1741 683 1789 V
694 1738 900 1802 ngulatas
923 1739 1060 1785 uestes
1086 1740 1144 1785 ab
1157 1739 1387 1802 unguibus
1411 1735 1512 1784 sunt
1533 1735 1614 1799 qui
1627 1735 1829 1786 uelintex
1852 1736 1991 1801 splen)

701 1805 812 1853 dore
825 1806 868 1850 δι
882 1802 1033 1851 colore
1050 1802 1118 1850 alii
1131 1803 1190 1850 ab
1203 1801 1488 1865 ungulisaehoc
1501 1802 1557 1847 est
1571 1802 1712 1849 anulis
1727 1806 1842 1866 rand
1853 1803 1987 1851 anula

240 1869 455 1936 Vngulus
468 1877 572 1916 anut
704 1880 772 1916 ras
787 1867 950 1915 dixeris·
976 1867 1211 1932 Vngulum
1226 1879 1381 1930 namq3
1394 1864 1482 1914 osci
1496 1877 1545 1912 ut
1559 1867 1702 1930 inquit
1713 1864 1987 1916 Festus-‘flue
2016 1876 2019 1877 ’

276 1937 345 1984 lus
700 1933 823 1994 prisci
836 1944 885 1978 ut
902 1933 1065 1978 Plinius
1079 1931 1265 1979 anulum
1281 1941 1513 1977 uocarunt:
1537 1965 1539 1967 >

637 1999 683 2046 V
698 1996 956 2047 olutabrum
973 1996 1169 2059 Vergilio
1186 2000 1230 2043 δέ
1248 1997 1375 2043 Diuo
1387 1996 1670 2052 Hieronymo
1696 1991 1751 2039 de
1761 1990 1914 2040 suibus
1926 2007 1988 2054 ,pt

694 2107 698 2110 .
736 2065 791 2108 rie
806 2075 909 2108 cum
925 2066 967 2107 in
982 2074 1118 2109 coeno
1128 2059 1554 2121 uolutanturrnamq3
1569 2055 1614 2103 id
1627 2071 1705 2105 eos
1718 2056 1990 2105 deledatsuet

698 2077 778 2173 fiiri
790 2127 995 2172 animalia
1009 2128 1200 2171 uererina
1214 2138 1239 2171 a
1254 2126 1364 2186 iugo
1376 2139 1400 2171 a
1412 2122 1600 2169 uec‘tutar
1616 2125 1659 2170 δε
1674 2134 1805 2169 canes
1818 2136 1844 2170 a
1857 2120 1985 2169 cursu

702 2206 726 2236 a
742 2202 905 2236 uenatu
922 2189 1140 2235 uolutatio
1151 2192 1288 2235 iuuat:
1331 2225 1334 2229 ,
1931 2195 1935 2199 ’

636 2254 683 2301 V
694 2255 833 2302 oluox
847 2253 1011 2301 animal
1028 2251 1280 2316 ptaetodens
1289 2245 1577 2312 pubescentes
1590 2260 1724 2297 uuas:
1737 2245 1981 2300 Inuoluulii

247 2322 516 2374 Inuoluulns
599 2318 601 2321 ’
698 2316 1064 2381 (Ξόιιοῐυιιῐυητςς
1076 2316 1143 2364 alii
1155 2319 1376 2364 uocant'in
1393 2314 1554 2364 fronde
1565 2328 1670 2361 cum
1700 2312 1925 2358 tacemulo
1937 2308 1981 2359 se

239 2387 563 2442 Conuoluulus
699 2380 741 2429 se
756 2378 1136 2430 inuoluentemrde
1150 2396 1247 2444 quo
1259 2380 1425 2428 Plinius
1438 2379 1600 2430 xvn.Et
1617 2375 1855 2424 Maneam
1868 2376 1979 2423 Plau

702 2457 774 2492 tus
787 2450 828 2490 in
841 2444 1073 2493 Cistellaria
1089 2445 1377 2494 Inuoluulum
1394 2458 1495 2510 quae
1507 2445 1552 2491 in
1565 2443 1771 2506 pampini
1791 2438 1906 2492 folio
1917 2442 1964 2487 in
1974 2454 1989 2482 κ

695 2519 817 2569 torta
829 2510 1022 2573 implicat
1036 2510 1091 2558 let
1114 2530 1117 2535 ·
1985 2514 1987 2516 ’
2017 2517 2020 2520 ⁴

251 487 472 542 Votsoria
