2148 3068
666 233 904 286 mouendo
916 234 956 283 se
983 235 1150 284 faciunt
1161 237 1264 286 uitia
1286 236 1792 302 pauimentisefielicidia
1805 248 1948 304 quoq

668 301 713 348 δι
739 305 906 363 pruinae
932 297 1144 348 subdialia
1166 314 1485 366 corrumpunt:
1505 301 1585 351 nisi
1610 302 1747 351 sudus
1774 309 1948 368 optime

206 361 448 412 subdiales
665 374 963 427 temperatum
976 362 1206 412 subactum
1220 365 1347 415 suerit
1362 366 1730 429 pisumtsricatum
1758 373 1801 417 &
1818 365 1950 416 trulisr

207 426 526 477 Ambulati6e3
659 426 819 538 {aranu
832 426 931 538 sugat
946 431 989 475 δι
1003 427 1221 478 subdiales
1233 433 1560 482 ambulationes
1572 448 1596 482 a
1613 435 1710 485 Dio
1723 433 1778 481 de
1792 449 1889 498 quo
1903 437 1949 481 in

204 554 408 616 Samiata
595 557 632 605 S
664 505 1000 603 ffiffifflcffih'
1017 557 1060 603 δι
1073 553 1255 606 samiare
1266 573 1419 607 acuere
1430 558 1540 607 dixit
1553 562 1736 611 Nonius
1759 556 1944 608 Marcel*

206 619 487 672 Ferramenta
657 620 725 667 lus
740 618 871 684 qnod
881 620 1067 668 tracium
1078 620 1216 668 uideri
1229 623 1323 670 uult
1336 635 1362 670 a
1375 621 1508 671 samia
1521 625 1620 673 tella
1631 626 1648 674 i
1659 624 1785 674 samo
1797 637 1950 672 autem

656 685 913 749 figlinarum
927 698 997 732 ars
1008 701 1021 725 t
1035 683 1156 732 unde
1167 684 1303 734 samia
1317 685 1421 735 uasa
1436 689 1478 733 δι
1501 686 1635 736 samia
1650 689 1751 738 testa
1762 689 1874 736 Galli
1888 689 1948 737 sat

657 748 1052 809 cerdotesCybelei
1066 748 1201 798 uirilia
1216 748 1405 813 sibiipsis
1419 743 1684 799 dissecabant
1697 753 1862 800 Plinius
1873 768 1946 801 aut

586 872 589 875 ,
656 815 749 862 &ot
762 812 1037 865 xxvande
1047 811 1228 863 samiata
1243 814 1509 864 ferramenta
1524 816 1763 864 Aureliano
1786 817 1946 866 Caesati

656 882 702 925 in
719 877 906 942 Epistola
920 875 978 925 ad
991 876 1072 926 susi
1089 878 1315 927 Vicatium
1330 883 1457 927 cuius
1470 880 1682 942 exemplu
1710 885 1837 941 ponit
1848 885 1941 931 Vo·

653 942 862 1006 piscust&
875 955 962 991 nos
978 943 1074 991 haec
1095 957 1239 1006 pauca
1252 945 1324 992 hic
1337 956 1550 1006 reponere
1561 959 1615 991 ex
1642 958 1692 991 ea
1704 943 1948 992 uoluimus¹

653 1019 704 1055 ut
715 1009 846 1057 nostri
874 1011 1087 1070 temporis
1102 1011 1259 1055 milites
1273 1009 1413 1073 legere
1425 1007 1595 1071 possent
1608 1026 1620 1058 ε
1636 1007 1771 1057 Vnde
1794 1007 1949 1057 fierent

651 1075 995 1120 continentiores
1013 1071 1268 1133 {hospitum
1283 1077 1417 1123 bonis
1432 1071 1731 1121 absumendis:
1746 1068 1949 1121 Militum

650 1137 797 1201 inquit
811 1150 950 1184 nemo
964 1138 1086 1199 pullu
1101 1138 1293 1186 alienum
1307 1139 1597 1199 rapiattouem
1615 1149 1755 1186 nemo
1767 1138 1952 1201 cotigat:

652 1214 794 1250 uuam
808 1202 952 1248 nullus
966 1201 1424 1268 auferataesegetemno
1438 1200 1619 1249 deterat:
1633 1202 1783 1249 oleum
1799 1201 1951 1249 salem!

648 1265 983 1331 lignumrnemo
997 1280 1343 1331 exigat:ann0na
1357 1266 1431 1314 sua
1446 1278 1687 1315 contentus
1704 1265 1763 1314 lit:
1777 1265 1832 1312 de
1846 1279 1953 1330 ρκ’-εν

647 1330 706 1378 da
721 1330 855 1379 hostis
869 1343 964 1377 non
981 1330 1037 1377 de
1050 1332 1289 1392 lachrymis
1304 1332 1651 1394 prouincialium
1671 1333 1950 1379 habeantzar‘

649 1409 728 1443 ma
738 1392 844 1443 tersa
856 1395 1219 1443 finvl'ertamenta
1234 1392 1566 1442 samiatatcalcia
1575 1397 1693 1442 meta
1709 1397 1853 1442 sortia:
1867 1397 1952 1444 No

647 1463 749 1506 nius
766 1457 1001 1507 Marcellus
1014 1459 1157 1506 fidelia
1169 1460 1284 1523 iquit
1297 1457 1486 1507 samium
1500 1472 1580 1506 uas
1603 1457 1705 1504 usus
1720 1458 1952 1521 plurimos:

647 1525 832 1572 Plautus
847 1528 891 1569 in
920 1524 1142 1573 Aulularia
1159 1522 1284 1572 mulsi
1297 1521 1550 1587 congialem
1576 1523 1760 1586 plenam
1785 1524 1949 1573 faciam

647 1591 727 1637 tibi
742 1588 964 1636 fedeliam:

580 1651 617 1699 S
647 1653 756 1701 ilens
768 1654 874 1699 luna
890 1651 1044 1700 dicitur
1058 1664 1163 1699 cum
1179 1652 1225 1697 in
1238 1652 1358 1700 coitu
1371 1649 1426 1697 est
1438 1661 1545 1697 cum
1563 1646 1655 1696 sole
1667 1659 1718 1696 ut
1743 1647 1953 1701 diximus:

188 1726 333 1780 silens
347 1724 515 1775 coelum
645 1717 929 1765 intetlunium
945 1726 1111 1764 uocaut
1123 1731 1137 1756 t
1151 1719 1195 1764 &
1210 1718 1338 1778 graeci
1354 1715 1443 1762 fere
1486 1722 1604 1762 rent?
1618 1730 1650 1774 μ
1661 1723 1765 1770 evim
1791 1715 1881 1764 hoc
1895 1716 1954 1764 est

643 1784 695 1830 N
699 1780 1121 1830 eomeniamssilens
1135 1780 1304 1829 coelum
1315 1778 1585 1828 serenum'&
1599 1779 1739 1828 herba
1753 1780 1877 1827 silens
1889 1780 1953 1827 dp

644 1857 766 1895 cetui·
776 1844 956 1894 nfidum
971 1849 1245 1910 germinans:

578 1913 615 1961 S
648 1911 821 1959 aliunca
833 1912 978 1959 breuis
995 1911 1133 1960 herba
1148 1911 1191 1958 &
1203 1904 1360 1957 foliosa
1374 1905 1536 1954 multae
1549 1904 1776 1955 suauitatis
1790 1903 1949 1953 :iteriet

643 1977 709 2024 da
725 1977 914 2024 uestibus
923 1973 1117 2025 odorem
1128 1969 1423 2039 gratiffimum
1437 1969 1588 2019 reddit
1602 1972 1873 2019 Pliniu5.xxi.

577 2039 614 2086 S
649 2046 767 2104 cipio
779 2041 962 2089 baculus
974 2041 1137 2091 Plauto
1151 2042 1195 2085 δι
1207 2036 1381 2085 aliistut'r
1396 2036 1435 2082 C
1446 2035 1630 2085 orneliae
1643 2039 1765 2098 genti
1777 2035 1944 2097 Scipio·

180 2117 426 2182 sflpffonum
440 2128 497 2166 ρο
640 2119 755 2153 num
770 2118 1031 2170 cognomen
1045 2106 1091 2150 in
1103 2117 1146 2150 re
1156 2102 1332 2167 publica
1343 2101 1425 2151 Ro
1439 2132 1451 2144 .
1470 2114 1524 2147 ex
1537 2113 1592 2147 eo
1604 2114 1651 2163 q>
1665 2099 1762 2146 Cor
1771 2133 1784 2146 .
1797 2100 1945 2147 baculi

214 2193 424 2251 gnomen
640 2174 785 2218 uicem
799 2174 908 2232 patri
921 2169 1169 2217 luminibus
1183 2176 1317 2228 capto
1328 2165 1455 2228 praest
1466 2161 1813 2213 itinMactobius
1828 2178 1838 2210 :

574 2235 613 2282 S
642 2234 780 2283 nbula
795 2228 1101 2298 peracutiffimi
1116 2231 1342 2279 mucronis
1356 2229 1460 2278 istru
1474 2240 1681 2276 mentum
1696 2243 1722 2275 e
1735 2227 1852 2276 serto
1864 2240 1945 2275 nos

639 2296 968 2363 tiffimum‘quo
982 2308 1167 2346 utuntur
1178 2295 1385 2344 calcearii
1397 2291 1426 2340 s
1420 2306 1468 2340 ut
1479 2292 1819 2355 oteszcrepidarii
1833 2303 1945 2339 uete2

640 2368 889 2412 tamentarii
907 2364 1070 2411 Sellarii
1084 2376 1225 2426 quocss
1242 2359 1284 2405 &
1299 2358 1472 2405 Zonati
1487 2357 1569 2404 iad
1583 2355 1950 2407 l'uendumtsenet

639 2442 691 2475 ca
717 2426 1033 2493 Indignumiin
1048 2425 1228 2488 procliis
1251 2422 1463 2471 hominib
1482 2420 1576 2486 usq
1601 2426 1645 2468 in
1658 2425 1796 2469 aciem
1812 2419 1947 2469 susce!

638 2503 716 2556 pta
729 2489 885 2543 subula
899 2503 1127 2544 armatum
1143 2485 1433 2555 descenderet
1447 2483 1665 2537 Martialis
1680 2488 1806 2551 epig.
1819 2499 1862 2535 ui
1874 2518 1888 2534 .
1900 2488 1947 2534 in
