2148 3068
711 242 906 306 principe
920 234 1073 287 occil'ae
1086 238 1131 285 in
1144 240 1354 290 uaticano
1363 237 1530 290 solidus
1541 242 1587 286 in
1599 239 1706 289 aluo
1716 237 1930 303 speffltus
1940 234 1994 285 fit

713 303 1055 353 infaustaluntur
1066 306 1214 363 ptimo
1224 305 1380 352 bubuli
1393 304 1510 352 iadis
1525 303 1808 353 succozvnde
1820 314 1995 351 nomen

255 372 402 422 Tama
713 370 918 417 meminit
936 370 980 414 &
995 363 1181 414 Solinus
1195 382 1205 415 ε
1217 369 1288 414 Εῆ
1303 373 1346 416 δι
1359 369 1505 418 Tama
1521 382 1626 415 cum
1644 371 1861 416 itinerario
1874 381 1924 413 ex
1937 368 1995 415 lat

714 437 824 482 bore
836 430 1011 493 sanguis
1024 432 1068 475 in
1080 444 1201 479 cruta
1214 430 1435 481 descendit
1446 438 1511 480 no
1525 432 1615 480 sine
1629 444 1816 483 tumoret
1831 430 1992 477 eadem

715 496 805 544 fere
818 508 920 558 quae
944 495 1042 541 ssoa
1056 511 1069 541 :
1083 494 1306 544 Lucretius
1331 498 1502 562 Inguen
1514 511 1572 545 ne
1582 498 1728 546 existat
1741 495 1919 563 papulae
1933 505 1997 543 tat

719 576 795 608 ma
809 573 865 605 ne
878 560 967 606 boa
979 561 1122 607 noxit:

651 628 691 675 B
706 628 882 674 ubones
897 624 1005 669 circa
1029 623 1213 686 inguina
1235 622 1456 686 presertim
1470 625 1732 674 extuberant
1746 626 1790 672 &
1803 623 1906 672 inde
1918 637 1997 672 nor

717 701 834 738 ment
843 696 870 745 β
880 703 901 732 0
911 703 937 731 υ
948 695 1029 743 ibor
1047 690 1211 752 inguen
1224 689 1438 750 graecist&
1452 688 1584 735 nostri
1595 703 1735 753 quoq3
1746 688 1997 736 inflamatio

257 758 521 826 Inguinariae
717 767 795 801 nes
809 758 903 799 eius
917 753 1110 799 membri
1119 747 1439 813 colledionel‘cp
1453 751 1723 814 inguinarias
1737 754 1998 801 uocanteplit

263 828 387 872 Anei-
715 822 814 864 nius
829 817 951 863 After
965 817 1101 864 herba
1117 819 1263 880 inquit
1273 817 1333 863 ab
1344 814 1568 877 aliquibus
1590 816 1836 866 Bubonion
1850 817 1997 881 appelt

257 889 507 937 ssubonion
719 883 831 930 latur
846 884 1090 946 :quoniam
1104 884 1341 946 inguinum
1356 878 1707 942 praesentaneum
1719 880 1914 930 remedii:
1927 884 1997 932 est:

255 948 564 1005 ssubonocelae
717 945 853 993 Vnde
867 950 911 993 Sc
938 946 1258 994 Bubonocellae
1271 947 1456 992 ramices
1477 947 1660 1006 inguine
1672 955 1800 990 tenus
1813 948 1999 1010 erumpe

718 1022 760 1058 te
773 1015 783 1056 i
789 1010 1074 1063 ntestinogsiue
1087 1024 1191 1057 cum
1204 1011 1369 1057 uarices
1382 1012 1549 1074 inguen
1562 1007 1857 1070 impleuerant
1868 1010 2000 1072 quod

717 1074 849 1125 Celso
863 1071 1064 1137 placuiffe
1077 1074 1288 1124 uide0:At
1300 1074 1519 1126 Bubones
1531 1085 1636 1120 aues
1648 1068 1912 1123 notiffimaea
1924 1073 1999 1123 sua

719 1154 835 1189 uoce
846 1144 1078 1188 nominate
1090 1139 1294 1188 Varroni:

656 1206 697 1253 Β
714 1204 953 1253 condocela
967 1216 1120 1252 tumor
1135 1209 1179 1250 in
1194 1206 1360 1252 ceruice
1373 1211 1423 1249 ut
1436 1200 2001 1254 diximus.Cor.Celsus.vn.

719 1270 784 1316 At
796 1272 838 1315 in
853 1274 1018 1316 ceruice
1029 1272 1136 1315 inter
1146 1280 1294 1317 cutem
1309 1270 1354 1314 &
1368 1264 1566 1330 asperam
1579 1270 1781 1314 arteriam
1793 1278 1945 1315 tumor
1956 1271 2003 1314 in

725 1331 874 1381 crescit
900 1334 1232 1381 bronchocelen
1255 1335 1384 1396 graeci
1397 1344 1565 1379 uocant
1588 1346 1686 1394 quo
1701 1329 1848 1379 modo
1862 1331 2002 1379 hebes

723 1396 1069 1446 carosinterdum
1085 1397 1254 1443 humor
1269 1397 1427 1458 aliquis
1441 1395 1556 1442 melli
1581 1409 1771 1458 aquaeue
1782 1391 1929 1444 similis
1941 1399 2003 1442 int

718 1459 1144 1510 cluditur:intetdum
1159 1466 1291 1508 etiam
1307 1462 1489 1506 minutis
1501 1454 1669 1508 offibus
1682 1462 1755 1521 pili
1765 1461 1973 1507 immixti:

657 1524 697 1571 B
710 1526 908 1575 ronchus
924 1528 1181 1572 membrum
1198 1522 1497 1572 musculosum
1512 1522 1570 1572 ad
1583 1523 1734 1571 fauces
1747 1521 2008 1574 neruosum‘

722 1593 770 1638 &
784 1587 1140 1653 cartilaginosum
1159 1594 1285 1638 uocis
1297 1588 1421 1633 eli¹ut
1482 1586 1670 1635 uibusd5
1683 1588 1845 1650 placuit
1856 1588 2003 1635 insttut

265 1666 434 1718 Βῐόὼῑ
458 1674 593 1729 caput
720 1653 1013 1705 mentunmlii
1027 1664 1122 1702 non
1134 1651 1393 1702 bronchum
1406 1649 1451 1698 id
1481 1650 1800 1714 implicitettfcd
1811 1652 2003 1700 bronchi

722 1727 858 1780 caput
870 1719 1110 1765 nominant
1124 1722 1346 1781 quoniam
1360 1725 1410 1762 ut
1425 1719 1571 1779 inquit
1583 1716 1840 1764 Galenuss&
1852 1714 1938 1778 ipsa
1952 1729 2001 1764 ar

265 1796 428 1843 ssmnci
723 1785 828 1829 teria
842 1781 1043 1829 brochus
1056 1782 1311 1845 appellatur:
1325 1782 1491 1828 Brunci
1505 1792 1657 1828 autem
1673 1777 1889 1829 Marcello
1898 1778 2001 1827 sunt

720 1859 797 1896 ore
810 1845 1256 1909 produdordentibus
1268 1845 1532 1908 prominulis
1545 1858 1598 1891 ex
1615 1844 1764 1891 Lucilii
1777 1843 2000 1902 satyraemi

387 1956 407 1974 ,
722 1916 823 1958 nius
841 1910 980 1958 Labra
993 1913 1141 1974 inquit
1152 1926 1177 1959 a
1191 1912 1355 1973 quibus
1369 1909 1500 1955 Bu‘lci
1512 1911 1557 1955 &
1572 1906 1779 1956 labrones
1793 1906 1908 1956 dieii:
1921 1909 2000 1956 ubi

267 1984 434 2033 sstochi
727 1986 880 2022 tamen
892 1976 1026 2024 Broci
1037 1974 1272 2039 quandoqg
1287 1973 1440 2037 legitur
1455 1988 1465 2019 τ
1483 1975 1526 2019 8(
1541 1986 1665 2020 mox:
1677 1969 1869 2020 senectus
1883 1975 1942 2020 ait
1953 1975 1999 2019 in

270 2051 503 2100 Brochitas
721 2043 851 2103 equis
866 2042 911 2087 δε
923 2045 1086 2088 caetetis
1100 2043 1323 2086 ueterinus
1347 2034 1596 2100 intelligitur
1607 2035 1810 2083 dentium
1824 2038 1999 2084 brochie

721 2103 917 2153 tatethoc
929 2104 985 2150 est
997 2105 1295 2166 prominentia
1311 2105 1354 2149 &
1372 2099 1702 2164 magnitudine:
1715 2103 1843 2149 Nam
1858 2098 1997 2149 &.M.

723 2168 870 2218 Varro
884 2167 941 2215 de
952 2171 1137 2217 canibus
1152 2171 1208 2215 rei
1232 2167 1393 2216 rusticae
1403 2162 1599 2214 secundo
1625 2166 1835 2216 Erochos
1846 2177 2000 2216 uocatf

275 2240 550 2298 Ptoodontae
725 2234 770 2279 &
781 2234 912 2296 graeci
923 2247 948 2280 a
961 2230 1172 2280 dentibus
1187 2230 1487 2279 Proodontas:

659 2297 699 2343 B
714 2297 864 2345 ulimia
874 2296 1120 2346 immodica
1136 2300 1179 2345 &
1193 2293 1342 2344 ualida
1356 2295 1499 2342 fames
1511 2307 1527 2330 Ι
1538 2291 1683 2356 qualis
1693 2295 1887 2343 iter-dum
1901 2294 2000 2357 post

721 2359 865 2407 febres
877 2366 1050 2409 euenire
1059 2361 1166 2411 solet
1176 2357 1579 2409 teualescenbuszita
1601 2370 1651 2405 ut
1663 2374 1687 2408 a
1700 2362 1804 2409 cibo
1816 2358 2000 2422 sumpto

722 2427 857 2471 etiam
869 2424 1285 2475 esuriantrcaninurn
1299 2422 1456 2472 medici
1471 2422 1605 2473 nostri
1617 2416 1773 2473 dicunt
1785 2424 2000 2487 appetitu:

727 2491 805 2550 qui
818 2489 1068 2540 cohibedus
1082 2491 1212 2539 estsne
1226 2489 1408 2539 inducat
1420 2486 1658 2538 recidiuam
1672 2501 1751 2539 aut
1761 2489 1870 2540 alios
1885 2501 2003 2539 mort
