<?xml version="1.0" encoding="UTF-8"?>
<!DOCTYPE html PUBLIC "-//W3C//DTD XHTML 1.0 Transitional//EN"
    "http://www.w3.org/TR/xhtml1/DTD/xhtml1-transitional.dtd">
<html xmlns="http://www.w3.org/1999/xhtml" xml:lang="en" lang="en">
 <head>
  <title>
</title>
<meta http-equiv="Content-Type" content="text/html;charset=utf-8" />
  <meta name='ocr-system' content='tesseract 3.04.00' />
  <meta name='ocr-capabilities' content='ocr_page ocr_carea ocr_par ocr_line ocrx_word'/>
</head>
<body>
  <div class='ocr_page' id='page_1' title='image "./franciscimariigr00grap_0366.png"; bbox 0 0 2148 3068; ppageno 0'>
   <div class='ocr_carea' id='block_1_1' title="bbox 239 617 471 812">
    <p class='ocr_par' dir='ltr' id='par_1_1' title="bbox 239 617 471 812">
     <span class='ocr_line' id='line_1_1' title="bbox 240 617 445 685; baseline -0.01 -16"><span class='ocrx_word' id='word_1_1' title='bbox 240 617 445 685; x_wconf 77' lang='lat' dir='ltr'>Caligula</span> 
     </span>
     <span class='ocr_line' id='line_1_2' title="bbox 239 747 471 812; baseline -0.017 -14"><span class='ocrx_word' id='word_1_2' title='bbox 239 747 471 812; x_wconf 79' lang='lat' dir='ltr'>Caligatus</span> 
     </span>
    </p>
   </div>
   <div class='ocr_carea' id='block_1_2' title="bbox 235 1139 528 1206">
    <p class='ocr_par' dir='ltr' id='par_1_2' title="bbox 235 1139 528 1206">
     <span class='ocr_line' id='line_1_3' title="bbox 235 1139 528 1206; baseline -0.01 -17"><span class='ocrx_word' id='word_1_3' title='bbox 235 1139 528 1206; x_wconf 75' lang='lat' dir='ltr'>Campesttati</span> 
     </span>
    </p>
   </div>
   <div class='ocr_carea' id='block_1_3' title="bbox 234 1331 512 1398">
    <p class='ocr_par' dir='ltr' id='par_1_3' title="bbox 234 1331 512 1398">
     <span class='ocr_line' id='line_1_4' title="bbox 234 1331 512 1398; baseline -0.007 -16"><span class='ocrx_word' id='word_1_4' title='bbox 234 1331 512 1398; x_wconf 79' lang='lat' dir='ltr'>Crotopezia</span> 
     </span>
    </p>
   </div>
   <div class='ocr_carea' id='block_1_4' title="bbox 235 1457 479 1577">
    <p class='ocr_par' dir='ltr' id='par_1_4' title="bbox 235 1457 479 1577">
     <span class='ocr_line' id='line_1_5' title="bbox 235 1457 479 1523; baseline -0.008 -15"><span class='ocrx_word' id='word_1_5' title='bbox 235 1457 479 1523; x_wconf 72' lang='lat' dir='ltr'>ctypodes</span> 
     </span>
     <span class='ocr_line' id='line_1_6' title="bbox 235 1527 437 1577; baseline -0.02 -2"><span class='ocrx_word' id='word_1_6' title='bbox 235 1527 437 1577; x_wconf 82' lang='lat' dir='ltr'>Calones</span> 
     </span>
    </p>
   </div>
   <div class='ocr_carea' id='block_1_5' title="bbox 237 1915 518 1983">
    <p class='ocr_par' dir='ltr' id='par_1_5' title="bbox 237 1915 518 1983">
     <span class='ocr_line' id='line_1_7' title="bbox 237 1915 518 1983; baseline -0.018 -15"><span class='ocrx_word' id='word_1_7' title='bbox 237 1915 518 1983; x_wconf 75' lang='lat' dir='ltr'>Capidulum</span> 
     </span>
    </p>
   </div>
   <div class='ocr_carea' id='block_1_6' title="bbox 229 2109 536 2418">
    <p class='ocr_par' dir='ltr' id='par_1_6' title="bbox 229 2109 536 2418">
     <span class='ocr_line' id='line_1_8' title="bbox 232 2109 536 2160; baseline 0 -3"><span class='ocrx_word' id='word_1_8' title='bbox 232 2109 536 2160; x_wconf 82' lang='lat' dir='ltr'>Chironomia</span> 
     </span>
     <span class='ocr_line' id='line_1_9' title="bbox 230 2176 485 2222; baseline 0 0"><span class='ocrx_word' id='word_1_9' title='bbox 230 2176 485 2222; x_wconf 85' lang='lat' dir='ltr'>Ecechlaria</span> 
     </span>
     <span class='ocr_line' id='line_1_10' title="bbox 233 2238 429 2288; baseline -0.005 0"><span class='ocrx_word' id='word_1_10' title='bbox 233 2238 429 2288; x_wconf 73' lang='lat' dir='ltr'>Induciae</span> 
     </span>
     <span class='ocr_line' id='line_1_11' title="bbox 229 2306 518 2353; baseline -0.003 -2"><span class='ocrx_word' id='word_1_11' title='bbox 229 2306 518 2353; x_wconf 71' lang='lat' dir='ltr'>chirothecae</span> 
     </span>
     <span class='ocr_line' id='line_1_12' title="bbox 231 2367 429 2418; baseline -0.005 0"><span class='ocrx_word' id='word_1_12' title='bbox 231 2367 429 2418; x_wconf 74' lang='lat' dir='ltr'>Manicoe</span> 
     </span>
    </p>
   </div>
   <div class='ocr_carea' id='block_1_7' title="bbox 623 211 2041 2552">
    <p class='ocr_par' dir='ltr' id='par_1_7' title="bbox 698 211 2041 486">
     <span class='ocr_line' id='line_1_13' title="bbox 700 211 1982 289; baseline 0.009 -18"><span class='ocrx_word' id='word_1_13' title='bbox 700 222 748 271; x_wconf 74' lang='grc'>81,</span> <span class='ocrx_word' id='word_1_14' title='bbox 761 222 976 270; x_wconf 77' lang='lat' dir='ltr'>Cucullus</span> <span class='ocrx_word' id='word_1_15' title='bbox 997 236 1049 271; x_wconf 82' lang='lat' dir='ltr'>ac</span> <span class='ocrx_word' id='word_1_16' title='bbox 1059 236 1201 289; x_wconf 81' lang='lat' dir='ltr'>gtaece</span> <span class='ocrx_word' id='word_1_17' title='bbox 1217 211 1370 287; x_wconf 69' lang='grc' dir='ltr'>κοκυῖ</span> <span class='ocrx_word' id='word_1_18' title='bbox 1393 229 1557 278; x_wconf 75' lang='lat' dir='ltr'>auistst</span> <span class='ocrx_word' id='word_1_19' title='bbox 1578 244 1604 279; x_wconf 85' lang='lat' dir='ltr'>a</span> <span class='ocrx_word' id='word_1_20' title='bbox 1617 228 1732 281; x_wconf 87' lang='lat' dir='ltr'>sono</span> <span class='ocrx_word' id='word_1_21' title='bbox 1744 229 1871 280; x_wconf 71' lang='lat' dir='ltr'>uocis·</span> <span class='ocrx_word' id='word_1_22' title='bbox 1892 229 1982 282; x_wconf 55' lang='lat' dir='ltr'>noi</span> 
     </span>
     <span class='ocr_line' id='line_1_14' title="bbox 699 287 2041 357; baseline 0.009 -23"><span class='ocrx_word' id='word_1_23' title='bbox 699 301 806 335; x_wconf 90' lang='lat' dir='ltr'>men</span> <span class='ocrx_word' id='word_1_24' title='bbox 820 287 988 336; x_wconf 77' lang='lat' dir='ltr'>sortita:</span> <span class='ocrx_word' id='word_1_25' title='bbox 1005 287 1197 337; x_wconf 78' lang='lat' dir='ltr'>transmit</span> <span class='ocrx_word' id='word_1_26' title='bbox 1209 292 1362 340; x_wconf 74' lang='lat' dir='ltr'>baetin</span> <span class='ocrx_word' id='word_1_27' title='bbox 1386 295 1685 357; x_wconf 79' lang='lat' dir='ltr'>obprobrium</span> <span class='ocrx_word' id='word_1_28' title='bbox 1721 299 1970 346; x_wconf 82' lang='lat' dir='ltr'>uinitorum</span> <span class='ocrx_word' id='word_1_29' title='bbox 2034 327 2041 330; x_wconf 94' lang='lat'><em>-</em></span> 
     </span>
     <span class='ocr_line' id='line_1_15' title="bbox 698 349 1974 427; baseline 0.012 -30"><span class='ocrx_word' id='word_1_30' title='bbox 698 363 748 397; x_wconf 89' lang='lat' dir='ltr'>ut</span> <span class='ocrx_word' id='word_1_31' title='bbox 761 351 816 399; x_wconf 80' lang='lat' dir='ltr'>est</span> <span class='ocrx_word' id='word_1_32' title='bbox 827 366 852 398; x_wconf 91' lang='lat' dir='ltr'>a</span> <span class='ocrx_word' id='word_1_33' title='bbox 889 349 951 399; x_wconf 87' lang='lat' dir='ltr'>ud</span> <span class='ocrx_word' id='word_1_34' title='bbox 963 351 1167 401; x_wconf 75' lang='lat' dir='ltr'>Plac&#39;cum</span> <span class='ocrx_word' id='word_1_35' title='bbox 1179 359 1223 402; x_wconf 88' lang='lat' dir='ltr'>in</span> <span class='ocrx_word' id='word_1_36' title='bbox 1237 353 1577 409; x_wconf 71' lang='lat' dir='ltr'>sermonibusr&amp;</span> <span class='ocrx_word' id='word_1_37' title='bbox 1592 361 1720 410; x_wconf 87' lang='lat' dir='ltr'>refert</span> <span class='ocrx_word' id='word_1_38' title='bbox 1735 361 1974 427; x_wconf 78' lang='lat' dir='ltr'>Porphitio</span> 
     </span>
     <span class='ocr_line' id='line_1_16' title="bbox 698 365 1652 486; baseline 0.014 -23"><span class='ocrx_word' id='word_1_39' title='bbox 698 365 885 465; x_wconf 68' lang='lat' dir='ltr'>PliniulP</span> <span class='ocrx_word' id='word_1_40' title='bbox 918 416 1470 473; x_wconf 78' lang='lat' dir='ltr'>li.xvui.natural.histotiae=</span> <span class='ocrx_word' id='word_1_41' title='bbox 1644 480 1652 486; x_wconf 69' lang='grc'>,</span> 
     </span>
    </p>

    <p class='ocr_par' dir='ltr' id='par_1_8' title="bbox 630 478 1997 869">
     <span class='ocr_line' id='line_1_17' title="bbox 630 478 1997 553; baseline 0.008 -27"><span class='ocrx_word' id='word_1_42' title='bbox 630 487 672 536; x_wconf 81' lang='lat' dir='ltr'>c</span> <span class='ocrx_word' id='word_1_43' title='bbox 700 478 825 542; x_wconf 78' lang='lat' dir='ltr'>aligae</span> <span class='ocrx_word' id='word_1_44' title='bbox 838 494 870 528; x_wconf 96' lang='lat' dir='ltr'>o</span> <span class='ocrx_word' id='word_1_45' title='bbox 887 487 948 528; x_wconf 91' lang='lat' dir='ltr'>im</span> <span class='ocrx_word' id='word_1_46' title='bbox 965 483 1176 531; x_wconf 81' lang='lat' dir='ltr'>militibus</span> <span class='ocrx_word' id='word_1_47' title='bbox 1191 496 1240 531; x_wconf 90' lang='lat' dir='ltr'>ut</span> <span class='ocrx_word' id='word_1_48' title='bbox 1253 485 1494 547; x_wconf 87' lang='lat' dir='ltr'>plurimum</span> <span class='ocrx_word' id='word_1_49' title='bbox 1508 491 1553 536; x_wconf 90' lang='lat' dir='ltr'>in</span> <span class='ocrx_word' id='word_1_50' title='bbox 1563 488 1686 538; x_wconf 68' lang='lat' dir='ltr'>usura</span> <span class='ocrx_word' id='word_1_51' title='bbox 1699 490 1865 553; x_wconf 86' lang='lat' dir='ltr'>quibus</span> <span class='ocrx_word' id='word_1_52' title='bbox 1877 524 1889 536; x_wconf 93' lang='lat'><strong>.</strong></span> <span class='ocrx_word' id='word_1_53' title='bbox 1900 487 1943 533; x_wconf 89' lang='lat' dir='ltr'>C</span> <span class='ocrx_word' id='word_1_54' title='bbox 1955 521 1971 536; x_wconf 85' lang='lat'>.</span> <span class='ocrx_word' id='word_1_55' title='bbox 1995 505 1997 508; x_wconf 74' lang='grc'><strong>’</strong></span> 
     </span>
     <span class='ocr_line' id='line_1_18' title="bbox 698 542 1968 617; baseline 0.005 -25"><span class='ocrx_word' id='word_1_56' title='bbox 698 547 847 606; x_wconf 66' lang='lat' dir='ltr'>postea</span> <span class='ocrx_word' id='word_1_57' title='bbox 870 542 1018 593; x_wconf 84' lang='lat' dir='ltr'>Caesat</span> <span class='ocrx_word' id='word_1_58' title='bbox 1041 546 1258 610; x_wconf 72' lang='lat' dir='ltr'>Caligulae</span> <span class='ocrx_word' id='word_1_59' title='bbox 1278 563 1539 614; x_wconf 85' lang='lat' dir='ltr'>cognomen</span> <span class='ocrx_word' id='word_1_60' title='bbox 1563 558 1730 617; x_wconf 85' lang='lat' dir='ltr'>accepit</span> <span class='ocrx_word' id='word_1_61' title='bbox 1741 565 1813 603; x_wconf 72' lang='lat' dir='ltr'>:nt</span> <span class='ocrx_word' id='word_1_62' title='bbox 1826 550 1968 599; x_wconf 83' lang='lat' dir='ltr'>scribit</span> 
     </span>
     <span class='ocr_line' id='line_1_19' title="bbox 694 610 1971 682; baseline 0.008 -28"><span class='ocrx_word' id='word_1_63' title='bbox 694 610 939 658; x_wconf 85' lang='lat' dir='ltr'>Suetonius</span> <span class='ocrx_word' id='word_1_64' title='bbox 952 624 963 657; x_wconf 73' lang='grc' dir='ltr'><strong><em>ε</em></strong></span> <span class='ocrx_word' id='word_1_65' title='bbox 977 610 1140 658; x_wconf 76' lang='lat' dir='ltr'>Sextus</span> <span class='ocrx_word' id='word_1_66' title='bbox 1150 613 1356 662; x_wconf 83' lang='lat' dir='ltr'>Aurelius</span> <span class='ocrx_word' id='word_1_67' title='bbox 1376 615 1578 680; x_wconf 77' lang='lat' dir='ltr'>Caligula</span> <span class='ocrx_word' id='word_1_68' title='bbox 1592 621 1735 682; x_wconf 86' lang='lat' dir='ltr'>inquit</span> <span class='ocrx_word' id='word_1_69' title='bbox 1761 617 1874 664; x_wconf 81' lang='lat' dir='ltr'>filius</span> <span class='ocrx_word' id='word_1_70' title='bbox 1887 615 1971 667; x_wconf 84' lang='lat' dir='ltr'>fnit</span> 
     </span>
     <span class='ocr_line' id='line_1_20' title="bbox 694 673 1972 747; baseline 0.006 -28"><span class='ocrx_word' id='word_1_71' title='bbox 694 673 1009 723; x_wconf 60' lang='lat' dir='ltr'>Germanici&amp;</span> <span class='ocrx_word' id='word_1_72' title='bbox 1021 679 1127 739; x_wconf 88' lang='lat' dir='ltr'>quia</span> <span class='ocrx_word' id='word_1_73' title='bbox 1139 687 1271 723; x_wconf 77' lang='lat' dir='ltr'>natus</span> <span class='ocrx_word' id='word_1_74' title='bbox 1285 679 1329 722; x_wconf 90' lang='lat' dir='ltr'>in</span> <span class='ocrx_word' id='word_1_75' title='bbox 1340 685 1529 727; x_wconf 86' lang='lat' dir='ltr'>exercitu</span> <span class='ocrx_word' id='word_1_76' title='bbox 1543 681 1683 731; x_wconf 87' lang='lat' dir='ltr'>fuerat</span> <span class='ocrx_word' id='word_1_77' title='bbox 1693 693 1972 747; x_wconf 65' lang='lat' dir='ltr'>cognoment</span> 
     </span>
     <span class='ocr_line' id='line_1_21' title="bbox 692 739 1971 807; baseline 0.006 -21"><span class='ocrx_word' id='word_1_78' title='bbox 692 748 792 786; x_wconf 85' lang='lat' dir='ltr'>tum</span> <span class='ocrx_word' id='word_1_79' title='bbox 807 739 1080 787; x_wconf 80' lang='lat' dir='ltr'>calciamenti</span> <span class='ocrx_word' id='word_1_80' title='bbox 1091 740 1285 789; x_wconf 86' lang='lat' dir='ltr'>militatis</span> <span class='ocrx_word' id='word_1_81' title='bbox 1296 741 1342 789; x_wconf 89' lang='lat' dir='ltr'>id</span> <span class='ocrx_word' id='word_1_82' title='bbox 1361 743 1576 807; x_wconf 73' lang='lat' dir='ltr'>Caligulae</span> <span class='ocrx_word' id='word_1_83' title='bbox 1588 744 1760 796; x_wconf 83' lang='lat' dir='ltr'>sortitus</span> <span class='ocrx_word' id='word_1_84' title='bbox 1771 748 1827 795; x_wconf 78' lang='lat' dir='ltr'>est</span> <span class='ocrx_word' id='word_1_85' title='bbox 1839 762 1853 795; x_wconf 73' lang='lat' dir='ltr'><em>z</em></span> <span class='ocrx_word' id='word_1_86' title='bbox 1866 746 1971 794; x_wconf 87' lang='lat' dir='ltr'>hinc</span> 
     </span>
     <span class='ocr_line' id='line_1_22' title="bbox 694 801 1960 869; baseline 0.006 -20"><span class='ocrx_word' id='word_1_87' title='bbox 694 801 866 865; x_wconf 79' lang='lat' dir='ltr'>caligati</span> <span class='ocrx_word' id='word_1_88' title='bbox 878 804 1038 869; x_wconf 79' lang='lat' dir='ltr'>caligas</span> <span class='ocrx_word' id='word_1_89' title='bbox 1050 803 1205 855; x_wconf 88' lang='lat' dir='ltr'>induti:</span> <span class='ocrx_word' id='word_1_90' title='bbox 1956 836 1960 841; x_wconf 90' lang='lat'><em>-</em></span> 
     </span>
    </p>

    <p class='ocr_par' dir='ltr' id='par_1_9' title="bbox 629 865 1980 1258">
     <span class='ocr_line' id='line_1_23' title="bbox 629 865 1971 937; baseline 0.002 -18"><span class='ocrx_word' id='word_1_91' title='bbox 629 872 671 919; x_wconf 87' lang='lat' dir='ltr'><em>C</em></span> <span class='ocrx_word' id='word_1_92' title='bbox 690 867 904 929; x_wconf 75' lang='lat' dir='ltr'>ampestre</span> <span class='ocrx_word' id='word_1_93' title='bbox 928 867 1118 933; x_wconf 82' lang='lat' dir='ltr'>subligar</span> <span class='ocrx_word' id='word_1_94' title='bbox 1132 885 1229 935; x_wconf 92' lang='lat' dir='ltr'>quo</span> <span class='ocrx_word' id='word_1_95' title='bbox 1242 865 1454 932; x_wconf 77' lang='lat' dir='ltr'>pudenda</span> <span class='ocrx_word' id='word_1_96' title='bbox 1478 869 1681 919; x_wconf 82' lang='lat' dir='ltr'>uelamus</span> <span class='ocrx_word' id='word_1_97' title='bbox 1695 887 1720 921; x_wconf 88' lang='lat' dir='ltr'>a</span> <span class='ocrx_word' id='word_1_98' title='bbox 1731 887 1896 937; x_wconf 82' lang='lat' dir='ltr'>campo</span> <span class='ocrx_word' id='word_1_99' title='bbox 1920 882 1971 922; x_wconf 84' lang='lat' dir='ltr'>ut</span> 
     </span>
     <span class='ocr_line' id='line_1_24' title="bbox 692 930 1974 1000; baseline 0.006 -22"><span class='ocrx_word' id='word_1_100' title='bbox 692 931 841 981; x_wconf 80' lang='lat' dir='ltr'>ferunt</span> <span class='ocrx_word' id='word_1_101' title='bbox 867 930 1038 983; x_wconf 86' lang='lat' dir='ltr'>Martio</span> <span class='ocrx_word' id='word_1_102' title='bbox 1051 940 1094 981; x_wconf 89' lang='lat' dir='ltr'>in</span> <span class='ocrx_word' id='word_1_103' title='bbox 1109 950 1206 1000; x_wconf 89' lang='lat' dir='ltr'>quo</span> <span class='ocrx_word' id='word_1_104' title='bbox 1226 936 1445 983; x_wconf 87' lang='lat' dir='ltr'>Romana</span> <span class='ocrx_word' id='word_1_105' title='bbox 1461 935 1674 984; x_wconf 78' lang='lat' dir='ltr'>iuuentus</span> <span class='ocrx_word' id='word_1_106' title='bbox 1696 940 1974 987; x_wconf 83' lang='lat' dir='ltr'>exercebatur</span> 
     </span>
     <span class='ocr_line' id='line_1_25' title="bbox 690 995 1976 1065; baseline 0.004 -22"><span class='ocrx_word' id='word_1_107' title='bbox 690 995 804 1044; x_wconf 74' lang='lat' dir='ltr'>luch</span> <span class='ocrx_word' id='word_1_108' title='bbox 818 1000 863 1045; x_wconf 73' lang='lat' dir='ltr'>Bc</span> <span class='ocrx_word' id='word_1_109' title='bbox 875 999 967 1046; x_wconf 82' lang='lat' dir='ltr'>aliis</span> <span class='ocrx_word' id='word_1_110' title='bbox 980 999 1212 1060; x_wconf 72' lang='lat' dir='ltr'>Gymnicis</span> <span class='ocrx_word' id='word_1_111' title='bbox 1226 997 1428 1065; x_wconf 59' lang='lat' dir='ltr'>belliciscg</span> <span class='ocrx_word' id='word_1_112' title='bbox 1442 998 1808 1050; x_wconf 84' lang='lat' dir='ltr'>meditationibus</span> <span class='ocrx_word' id='word_1_113' title='bbox 1820 1014 1916 1050; x_wconf 87' lang='lat' dir='ltr'>non</span> <span class='ocrx_word' id='word_1_114' title='bbox 1927 1000 1976 1049; x_wconf 72' lang='lat' dir='ltr'>fv</span> 
     </span>
     <span class='ocr_line' id='line_1_26' title="bbox 690 1061 1980 1132; baseline 0.003 -24"><span class='ocrx_word' id='word_1_115' title='bbox 690 1074 750 1108; x_wconf 89' lang='lat' dir='ltr'>ne</span> <span class='ocrx_word' id='word_1_116' title='bbox 762 1061 982 1111; x_wconf 89' lang='lat' dir='ltr'>uelamine</span> <span class='ocrx_word' id='word_1_117' title='bbox 993 1065 1252 1127; x_wconf 84' lang='lat' dir='ltr'>genitalium</span> <span class='ocrx_word' id='word_1_118' title='bbox 1265 1081 1281 1106; x_wconf 75' lang='lat' dir='ltr'><em>t</em></span> <span class='ocrx_word' id='word_1_119' title='bbox 1295 1062 1458 1126; x_wconf 84' lang='lat' dir='ltr'>dequo</span> <span class='ocrx_word' id='word_1_120' title='bbox 1472 1067 1624 1113; x_wconf 86' lang='lat' dir='ltr'>Diuus</span> <span class='ocrx_word' id='word_1_121' title='bbox 1648 1066 1921 1132; x_wconf 81' lang='lat' dir='ltr'>Augustinus</span> <span class='ocrx_word' id='word_1_122' title='bbox 1933 1069 1980 1113; x_wconf 86' lang='lat' dir='ltr'>in</span> 
     </span>
     <span class='ocr_line' id='line_1_27' title="bbox 692 1126 1977 1194; baseline 0.002 -19"><span class='ocrx_word' id='word_1_123' title='bbox 692 1126 845 1175; x_wconf 86' lang='lat' dir='ltr'>diuina</span> <span class='ocrx_word' id='word_1_124' title='bbox 857 1130 1052 1179; x_wconf 83' lang='lat' dir='ltr'>ciuitate:</span> <span class='ocrx_word' id='word_1_125' title='bbox 1065 1134 1270 1178; x_wconf 85' lang='lat' dir='ltr'>meminit</span> <span class='ocrx_word' id='word_1_126' title='bbox 1284 1130 1328 1177; x_wconf 70' lang='grc' dir='ltr'><strong>ἅ</strong></span> <span class='ocrx_word' id='word_1_127' title='bbox 1343 1130 1572 1182; x_wconf 81' lang='lat' dir='ltr'>Horatius:</span> <span class='ocrx_word' id='word_1_128' title='bbox 1583 1133 1704 1180; x_wconf 84' lang='lat' dir='ltr'>unde</span> <span class='ocrx_word' id='word_1_129' title='bbox 1715 1129 1977 1194; x_wconf 64' lang='lat' dir='ltr'>campestra!</span> 
     </span>
     <span class='ocr_line' id='line_1_28' title="bbox 694 1191 1178 1258; baseline 0.01 -20"><span class='ocrx_word' id='word_1_130' title='bbox 694 1202 767 1241; x_wconf 88' lang='lat' dir='ltr'>tos</span> <span class='ocrx_word' id='word_1_131' title='bbox 778 1191 965 1240; x_wconf 84' lang='lat' dir='ltr'>athletas</span> <span class='ocrx_word' id='word_1_132' title='bbox 978 1193 1178 1258; x_wconf 84' lang='lat' dir='ltr'>legimus:</span> 
     </span>
    </p>

    <p class='ocr_par' dir='ltr' id='par_1_10' title="bbox 627 1255 1977 1323">
     <span class='ocr_line' id='line_1_29' title="bbox 627 1255 1977 1323; baseline 0.002 -20"><span class='ocrx_word' id='word_1_133' title='bbox 627 1255 670 1303; x_wconf 91' lang='lat' dir='ltr'>C</span> <span class='ocrx_word' id='word_1_134' title='bbox 695 1255 905 1319; x_wconf 83' lang='lat' dir='ltr'>alopodia</span> <span class='ocrx_word' id='word_1_135' title='bbox 922 1257 1064 1323; x_wconf 85' lang='lat' dir='ltr'>uulgo</span> <span class='ocrx_word' id='word_1_136' title='bbox 1084 1259 1256 1322; x_wconf 81' lang='lat' dir='ltr'>pedum</span> <span class='ocrx_word' id='word_1_137' title='bbox 1272 1274 1296 1306; x_wconf 87' lang='lat' dir='ltr'>e</span> <span class='ocrx_word' id='word_1_138' title='bbox 1320 1256 1446 1322; x_wconf 82' lang='lat' dir='ltr'>ligno</span> <span class='ocrx_word' id='word_1_139' title='bbox 1456 1259 1724 1309; x_wconf 85' lang='lat' dir='ltr'>calceamina</span> <span class='ocrx_word' id='word_1_140' title='bbox 1738 1258 1784 1307; x_wconf 85' lang='lat'>&amp;</span> <span class='ocrx_word' id='word_1_141' title='bbox 1808 1258 1977 1323; x_wconf 77' lang='lat' dir='ltr'>ligneas</span> 
     </span>
    </p>

    <p class='ocr_par' dir='ltr' id='par_1_11' title="bbox 671 1319 1982 1646">
     <span class='ocr_line' id='line_1_30' title="bbox 671 1319 1982 1387; baseline 0.003 -20"><span class='ocrx_word' id='word_1_142' title='bbox 671 1333 682 1345; x_wconf 91' lang='lat'><strong>·</strong></span> <span class='ocrx_word' id='word_1_143' title='bbox 693 1319 783 1369; x_wconf 86' lang='lat' dir='ltr'>fere</span> <span class='ocrx_word' id='word_1_144' title='bbox 795 1320 1039 1384; x_wconf 81' lang='lat' dir='ltr'>crepidulas</span> <span class='ocrx_word' id='word_1_145' title='bbox 1054 1334 1316 1387; x_wconf 85' lang='lat' dir='ltr'>nuncupant</span> <span class='ocrx_word' id='word_1_146' title='bbox 1329 1339 1343 1370; x_wconf 75' lang='lat' dir='ltr'>e</span> <span class='ocrx_word' id='word_1_147' title='bbox 1356 1325 1579 1374; x_wconf 84' lang='lat' dir='ltr'>habentur</span> <span class='ocrx_word' id='word_1_148' title='bbox 1592 1328 1635 1373; x_wconf 66' lang='grc' dir='ltr'>ἂι</span> <span class='ocrx_word' id='word_1_149' title='bbox 1649 1325 1923 1387; x_wconf 80' lang='lat' dir='ltr'>Crotopezia</span> <span class='ocrx_word' id='word_1_150' title='bbox 1935 1324 1982 1371; x_wconf 74' lang='lat' dir='ltr'>li‘</span> 
     </span>
     <span class='ocr_line' id='line_1_31' title="bbox 691 1384 1981 1452; baseline 0.004 -21"><span class='ocrx_word' id='word_1_151' title='bbox 691 1398 806 1449; x_wconf 82' lang='lat' dir='ltr'>gnea</span> <span class='ocrx_word' id='word_1_152' title='bbox 822 1385 946 1448; x_wconf 81' lang='lat' dir='ltr'>pedis</span> <span class='ocrx_word' id='word_1_153' title='bbox 957 1401 983 1436; x_wconf 90' lang='lat' dir='ltr'>a</span> <span class='ocrx_word' id='word_1_154' title='bbox 994 1384 1139 1436; x_wconf 83' lang='lat' dir='ltr'>sonitu</span> <span class='ocrx_word' id='word_1_155' title='bbox 1151 1388 1415 1438; x_wconf 87' lang='lat' dir='ltr'>indumenta</span> <span class='ocrx_word' id='word_1_156' title='bbox 1426 1404 1530 1452; x_wconf 85' lang='lat' dir='ltr'>quae</span> <span class='ocrx_word' id='word_1_157' title='bbox 1543 1392 1587 1436; x_wconf 85' lang='lat' dir='ltr'>ni</span> <span class='ocrx_word' id='word_1_158' title='bbox 1600 1389 1727 1438; x_wconf 82' lang='lat' dir='ltr'>fallor</span> <span class='ocrx_word' id='word_1_159' title='bbox 1738 1387 1981 1436; x_wconf 73' lang='lat' dir='ltr'>Anselmus</span> 
     </span>
     <span class='ocr_line' id='line_1_32' title="bbox 693 1451 1975 1516; baseline 0.004 -20"><span class='ocrx_word' id='word_1_160' title='bbox 693 1451 837 1501; x_wconf 77' lang='lat' dir='ltr'>noster</span> <span class='ocrx_word' id='word_1_161' title='bbox 852 1453 898 1497; x_wconf 89' lang='lat' dir='ltr'>in</span> <span class='ocrx_word' id='word_1_162' title='bbox 912 1456 1144 1514; x_wconf 87' lang='lat' dir='ltr'>poematio</span> <span class='ocrx_word' id='word_1_163' title='bbox 1156 1452 1363 1516; x_wconf 85' lang='lat' dir='ltr'>quodam</span> <span class='ocrx_word' id='word_1_164' title='bbox 1377 1452 1461 1502; x_wconf 87' lang='lat' dir='ltr'>suo</span> <span class='ocrx_word' id='word_1_165' title='bbox 1470 1452 1707 1516; x_wconf 73' lang='lat' dir='ltr'>Crypodas</span> <span class='ocrx_word' id='word_1_166' title='bbox 1722 1453 1975 1516; x_wconf 83' lang='lat' dir='ltr'>appellauit:</span> 
     </span>
     <span class='ocr_line' id='line_1_33' title="bbox 695 1516 1978 1571; baseline 0.001 -10"><span class='ocrx_word' id='word_1_167' title='bbox 695 1516 753 1562; x_wconf 79' lang='lat' dir='ltr'>est</span> <span class='ocrx_word' id='word_1_168' title='bbox 764 1526 916 1563; x_wconf 83' lang='lat' dir='ltr'>autem</span> <span class='ocrx_word' id='word_1_169' title='bbox 961 1520 1080 1564; x_wconf 82' lang='lat' dir='ltr'>raecis</span> <span class='ocrx_word' id='word_1_170' title='bbox 1103 1526 1421 1571; x_wconf 62' lang='lat' dir='ltr'>xoniarouo·</span> <span class='ocrx_word' id='word_1_171' title='bbox 1449 1522 1597 1570; x_wconf 63' lang='grc' dir='ltr'><strong><em>σλοω-</em></strong></span> <span class='ocrx_word' id='word_1_172' title='bbox 1610 1534 1621 1568; x_wconf 88' lang='lat'>:</span> <span class='ocrx_word' id='word_1_173' title='bbox 1636 1520 1697 1565; x_wconf 80' lang='lat' dir='ltr'>At</span> <span class='ocrx_word' id='word_1_174' title='bbox 1709 1517 1833 1568; x_wconf 79' lang='lat' dir='ltr'>Festo</span> <span class='ocrx_word' id='word_1_175' title='bbox 1844 1517 1978 1570; x_wconf 70' lang='lat' dir='ltr'>Calor</span> 
     </span>
     <span class='ocr_line' id='line_1_34' title="bbox 695 1530 1967 1646; baseline 0.007 -22"><span class='ocrx_word' id='word_1_176' title='bbox 695 1590 776 1626; x_wconf 82' lang='lat' dir='ltr'>nes</span> <span class='ocrx_word' id='word_1_177' title='bbox 788 1578 918 1628; x_wconf 86' lang='lat' dir='ltr'>calcei</span> <span class='ocrx_word' id='word_1_178' title='bbox 926 1530 1032 1627; x_wconf 48' lang='lat' dir='ltr'>{unt</span> <span class='ocrx_word' id='word_1_179' title='bbox 1045 1595 1070 1627; x_wconf 90' lang='lat' dir='ltr'>e</span> <span class='ocrx_word' id='word_1_180' title='bbox 1080 1581 1206 1646; x_wconf 86' lang='lat' dir='ltr'>ligno</span> <span class='ocrx_word' id='word_1_181' title='bbox 1220 1583 1332 1630; x_wconf 71' lang='lat' dir='ltr'>fadit</span> <span class='ocrx_word' id='word_1_182' title='bbox 1728 1625 1732 1631; x_wconf 97' lang='lat'>.</span> <span class='ocrx_word' id='word_1_183' title='bbox 1966 1611 1967 1614; x_wconf 63' lang='lat'><em>=</em></span> 
     </span>
    </p>

    <p class='ocr_par' dir='ltr' id='par_1_12' title="bbox 627 1641 1991 2032">
     <span class='ocr_line' id='line_1_35' title="bbox 627 1641 1979 1709; baseline 0.002 -20"><span class='ocrx_word' id='word_1_184' title='bbox 627 1641 671 1690; x_wconf 81' lang='lat' dir='ltr'>C</span> <span class='ocrx_word' id='word_1_185' title='bbox 696 1645 886 1705; x_wconf 83' lang='lat' dir='ltr'>apitium</span> <span class='ocrx_word' id='word_1_186' title='bbox 900 1655 1036 1706; x_wconf 80' lang='lat' dir='ltr'>caput</span> <span class='ocrx_word' id='word_1_187' title='bbox 1058 1649 1165 1709; x_wconf 85' lang='lat' dir='ltr'>tegit</span> <span class='ocrx_word' id='word_1_188' title='bbox 1178 1660 1231 1694; x_wconf 87' lang='lat' dir='ltr'>ex</span> <span class='ocrx_word' id='word_1_189' title='bbox 1246 1645 1433 1696; x_wconf 84' lang='lat' dir='ltr'>Nonio.</span> <span class='ocrx_word' id='word_1_190' title='bbox 1447 1646 1510 1693; x_wconf 86' lang='lat' dir='ltr'>At</span> <span class='ocrx_word' id='word_1_191' title='bbox 1523 1642 1708 1695; x_wconf 73' lang='lat' dir='ltr'>Marcus</span> <span class='ocrx_word' id='word_1_192' title='bbox 1721 1643 1869 1694; x_wconf 82' lang='lat' dir='ltr'>Varto</span> <span class='ocrx_word' id='word_1_193' title='bbox 1891 1643 1979 1692; x_wconf 69' lang='lat' dir='ltr'>cv</span> 
     </span>
     <span class='ocr_line' id='line_1_36' title="bbox 690 1708 1980 1774; baseline 0.003 -21"><span class='ocrx_word' id='word_1_194' title='bbox 690 1710 854 1769; x_wconf 81' lang='lat' dir='ltr'>pitium</span> <span class='ocrx_word' id='word_1_195' title='bbox 867 1709 1012 1772; x_wconf 89' lang='lat' dir='ltr'>inquit</span> <span class='ocrx_word' id='word_1_196' title='bbox 1023 1709 1152 1761; x_wconf 82' lang='lat' dir='ltr'>abeo</span> <span class='ocrx_word' id='word_1_197' title='bbox 1163 1708 1295 1774; x_wconf 82' lang='lat' dir='ltr'>quod</span> <span class='ocrx_word' id='word_1_198' title='bbox 1315 1713 1431 1772; x_wconf 84' lang='lat' dir='ltr'>capit</span> <span class='ocrx_word' id='word_1_199' title='bbox 1443 1711 1591 1772; x_wconf 69' lang='lat' dir='ltr'>pedus</span> <span class='ocrx_word' id='word_1_200' title='bbox 1605 1709 1651 1758; x_wconf 84' lang='lat' dir='ltr'>id</span> <span class='ocrx_word' id='word_1_201' title='bbox 1663 1711 1721 1758; x_wconf 78' lang='lat' dir='ltr'>est</span> <span class='ocrx_word' id='word_1_202' title='bbox 1733 1720 1783 1757; x_wconf 88' lang='lat' dir='ltr'>ut</span> <span class='ocrx_word' id='word_1_203' title='bbox 1805 1709 1980 1772; x_wconf 81' lang='lat' dir='ltr'>antiqui</span> 
     </span>
     <span class='ocr_line' id='line_1_37' title="bbox 693 1770 1991 1839; baseline 0.002 -21"><span class='ocrx_word' id='word_1_204' title='bbox 693 1770 903 1819; x_wconf 81' lang='lat' dir='ltr'>dicebant</span> <span class='ocrx_word' id='word_1_205' title='bbox 927 1773 1124 1822; x_wconf 63' lang='lat' dir='ltr'>inductui</span> <span class='ocrx_word' id='word_1_206' title='bbox 1148 1774 1526 1838; x_wconf 74' lang='lat' dir='ltr'>compraehendit:</span> <span class='ocrx_word' id='word_1_207' title='bbox 1539 1777 1597 1825; x_wconf 87' lang='lat' dir='ltr'>ad</span> <span class='ocrx_word' id='word_1_208' title='bbox 1609 1775 1738 1839; x_wconf 89' lang='lat' dir='ltr'>quod</span> <span class='ocrx_word' id='word_1_209' title='bbox 1761 1772 1904 1822; x_wconf 86' lang='lat' dir='ltr'>facere</span> <span class='ocrx_word' id='word_1_210' title='bbox 1915 1777 1991 1820; x_wconf 56' lang='lat' dir='ltr'>uir</span> 
     </span>
     <span class='ocr_line' id='line_1_38' title="bbox 695 1835 1976 1905; baseline 0.004 -22"><span class='ocrx_word' id='word_1_211' title='bbox 695 1835 859 1884; x_wconf 84' lang='lat' dir='ltr'>dentur</span> <span class='ocrx_word' id='word_1_212' title='bbox 870 1836 1085 1886; x_wconf 80' lang='lat' dir='ltr'>Varronis</span> <span class='ocrx_word' id='word_1_213' title='bbox 1099 1854 1203 1904; x_wconf 76' lang='lat' dir='ltr'>quat</span> <span class='ocrx_word' id='word_1_214' title='bbox 1213 1840 1415 1903; x_wconf 75' lang='lat' dir='ltr'>ponfitur</span> <span class='ocrx_word' id='word_1_215' title='bbox 1426 1842 1630 1905; x_wconf 80' lang='lat' dir='ltr'>exempla</span> <span class='ocrx_word' id='word_1_216' title='bbox 1642 1843 1703 1888; x_wconf 86' lang='lat' dir='ltr'>ab</span> <span class='ocrx_word' id='word_1_217' title='bbox 1713 1853 1771 1887; x_wconf 86' lang='lat' dir='ltr'>eo</span> <span class='ocrx_word' id='word_1_218' title='bbox 1781 1836 1878 1901; x_wconf 81' lang='lat' dir='ltr'>ipso</span> <span class='ocrx_word' id='word_1_219' title='bbox 1890 1838 1976 1888; x_wconf 90' lang='lat' dir='ltr'>No</span> 
     </span>
     <span class='ocr_line' id='line_1_39' title="bbox 693 1901 1977 1968; baseline 0.005 -21"><span class='ocrx_word' id='word_1_220' title='bbox 693 1901 955 1950; x_wconf 74' lang='lat' dir='ltr'>nioeFestus</span> <span class='ocrx_word' id='word_1_221' title='bbox 968 1916 1078 1953; x_wconf 87' lang='lat' dir='ltr'>ueto</span> <span class='ocrx_word' id='word_1_222' title='bbox 1096 1902 1370 1968; x_wconf 80' lang='lat' dir='ltr'>capidulum</span> <span class='ocrx_word' id='word_1_223' title='bbox 1384 1907 1445 1953; x_wconf 80' lang='lat' dir='ltr'>ait</span> <span class='ocrx_word' id='word_1_224' title='bbox 1455 1919 1599 1968; x_wconf 82' lang='lat' dir='ltr'>genus</span> <span class='ocrx_word' id='word_1_225' title='bbox 1623 1903 1866 1951; x_wconf 80' lang='lat' dir='ltr'>uestimenti</span> <span class='ocrx_word' id='word_1_226' title='bbox 1877 1915 1977 1966; x_wconf 86' lang='lat' dir='ltr'>quo</span> 
     </span>
     <span class='ocr_line' id='line_1_40' title="bbox 688 1968 1080 2032; baseline 0.008 -20"><span class='ocrx_word' id='word_1_227' title='bbox 688 1979 825 2028; x_wconf 89' lang='lat' dir='ltr'>caput</span> <span class='ocrx_word' id='word_1_228' title='bbox 836 1968 1080 2032; x_wconf 77' lang='lat' dir='ltr'>tegebatur:</span> 
     </span>
    </p>

    <p class='ocr_par' dir='ltr' id='par_1_13' title="bbox 623 2027 2031 2552">
     <span class='ocr_line' id='line_1_41' title="bbox 623 2027 1974 2095; baseline 0 -19"><span class='ocrx_word' id='word_1_229' title='bbox 623 2028 667 2076; x_wconf 90' lang='lat' dir='ltr'><strong>C</strong></span> <span class='ocrx_word' id='word_1_230' title='bbox 692 2029 907 2081; x_wconf 83' lang='lat' dir='ltr'>heridotae</span> <span class='ocrx_word' id='word_1_231' title='bbox 917 2032 1053 2080; x_wconf 78' lang='lat' dir='ltr'>uestes</span> <span class='ocrx_word' id='word_1_232' title='bbox 1067 2032 1300 2080; x_wconf 69' lang='lat' dir='ltr'>manicatae</span> <span class='ocrx_word' id='word_1_233' title='bbox 1314 2030 1424 2080; x_wconf 86' lang='lat' dir='ltr'>ultra</span> <span class='ocrx_word' id='word_1_234' title='bbox 1438 2030 1617 2080; x_wconf 86' lang='lat' dir='ltr'>brachia</span> <span class='ocrx_word' id='word_1_235' title='bbox 1632 2029 1691 2079; x_wconf 89' lang='lat' dir='ltr'>ad</span> <span class='ocrx_word' id='word_1_236' title='bbox 1706 2042 1869 2080; x_wconf 84' lang='lat' dir='ltr'>manus</span> <span class='ocrx_word' id='word_1_237' title='bbox 1880 2027 1974 2095; x_wconf 63' lang='lat' dir='ltr'>usq</span> 
     </span>
     <span class='ocr_line' id='line_1_42' title="bbox 689 2093 1970 2169; baseline -0.001 -25"><span class='ocrx_word' id='word_1_238' title='bbox 689 2094 922 2159; x_wconf 69' lang='lat' dir='ltr'>produflae</span> <span class='ocrx_word' id='word_1_239' title='bbox 937 2105 1017 2169; x_wconf 69' lang='grc' dir='ltr'>χι</span> <span class='ocrx_word' id='word_1_240' title='bbox 1029 2106 1082 2156; x_wconf 77' lang='lat' dir='ltr'>te</span> <span class='ocrx_word' id='word_1_241' title='bbox 1095 2109 1259 2144; x_wconf 82' lang='lat' dir='ltr'>manus</span> <span class='ocrx_word' id='word_1_242' title='bbox 1269 2110 1410 2160; x_wconf 85' lang='lat' dir='ltr'>graece</span> <span class='ocrx_word' id='word_1_243' title='bbox 1423 2093 1584 2146; x_wconf 83' lang='lat' dir='ltr'>:Vnde</span> <span class='ocrx_word' id='word_1_244' title='bbox 1593 2096 1878 2146; x_wconf 83' lang='lat' dir='ltr'>chironomia</span> <span class='ocrx_word' id='word_1_245' title='bbox 1901 2094 1970 2143; x_wconf 83' lang='lat' dir='ltr'>lex</span> 
     </span>
     <span class='ocr_line' id='line_1_43' title="bbox 688 2153 1975 2223; baseline 0.001 -17"><span class='ocrx_word' id='word_1_246' title='bbox 688 2160 833 2223; x_wconf 76' lang='lat' dir='ltr'>gestus</span> <span class='ocrx_word' id='word_1_247' title='bbox 847 2164 890 2210; x_wconf 87' lang='lat'>&amp;</span> <span class='ocrx_word' id='word_1_248' title='bbox 906 2175 1059 2213; x_wconf 81' lang='lat' dir='ltr'>motus</span> <span class='ocrx_word' id='word_1_249' title='bbox 1075 2162 1537 2209; x_wconf 70' lang='lat' dir='ltr'>manuumtEcechiria</span> <span class='ocrx_word' id='word_1_250' title='bbox 1549 2153 1723 2209; x_wconf 80' lang='lat' dir='ltr'>ceffatio</span> <span class='ocrx_word' id='word_1_251' title='bbox 1733 2172 1900 2223; x_wconf 82' lang='lat' dir='ltr'>pugnae</span> <span class='ocrx_word' id='word_1_252' title='bbox 1915 2172 1975 2222; x_wconf 85' lang='lat' dir='ltr'>pa</span> 
     </span>
     <span class='ocr_line' id='line_1_44' title="bbox 687 2223 2031 2290; baseline -0.001 -19"><span class='ocrx_word' id='word_1_253' title='bbox 687 2225 803 2275; x_wconf 72' lang='lat' dir='ltr'>ditia</span> <span class='ocrx_word' id='word_1_254' title='bbox 817 2227 956 2276; x_wconf 84' lang='lat' dir='ltr'>ueluti</span> <span class='ocrx_word' id='word_1_255' title='bbox 967 2242 992 2276; x_wconf 91' lang='lat' dir='ltr'>a</span> <span class='ocrx_word' id='word_1_256' title='bbox 1006 2229 1220 2275; x_wconf 84' lang='lat' dir='ltr'>manibus</span> <span class='ocrx_word' id='word_1_257' title='bbox 1234 2231 1496 2290; x_wconf 77' lang='lat' dir='ltr'>temperatio</span> <span class='ocrx_word' id='word_1_258' title='bbox 1508 2223 1897 2289; x_wconf 70' lang='lat' dir='ltr'>quaedamtnostris</span> <span class='ocrx_word' id='word_1_259' title='bbox 1911 2225 1981 2270; x_wconf 67' lang='lat' dir='ltr'>lnae</span> <span class='ocrx_word' id='word_1_260' title='bbox 2025 2249 2031 2253; x_wconf 88' lang='lat'>-</span> 
     </span>
     <span class='ocr_line' id='line_1_45' title="bbox 686 2286 1979 2352; baseline -0.002 -15"><span class='ocrx_word' id='word_1_261' title='bbox 686 2289 829 2341; x_wconf 75' lang='lat' dir='ltr'>duciae</span> <span class='ocrx_word' id='word_1_262' title='bbox 844 2303 893 2340; x_wconf 88' lang='lat' dir='ltr'>ut</span> <span class='ocrx_word' id='word_1_263' title='bbox 908 2292 1006 2340; x_wconf 89' lang='lat' dir='ltr'>belli</span> <span class='ocrx_word' id='word_1_264' title='bbox 1021 2293 1065 2339; x_wconf 77' lang='grc' dir='ltr'>δι</span> <span class='ocrx_word' id='word_1_265' title='bbox 1079 2288 1358 2341; x_wconf 83' lang='lat' dir='ltr'>offensarum</span> <span class='ocrx_word' id='word_1_266' title='bbox 1373 2290 1488 2338; x_wconf 77' lang='lat' dir='ltr'>fetiae</span> <span class='ocrx_word' id='word_1_267' title='bbox 1500 2304 1555 2337; x_wconf 90' lang='lat' dir='ltr'>ex</span> <span class='ocrx_word' id='word_1_268' title='bbox 1578 2289 1710 2351; x_wconf 74' lang='lat' dir='ltr'>pado</span> <span class='ocrx_word' id='word_1_269' title='bbox 1726 2291 1889 2352; x_wconf 82' lang='lat' dir='ltr'>uttinq3</span> <span class='ocrx_word' id='word_1_270' title='bbox 1903 2286 1979 2335; x_wconf 74' lang='lat' dir='ltr'>siv</span> 
     </span>
     <span class='ocr_line' id='line_1_46' title="bbox 687 2348 1977 2405; baseline 0.001 -4"><span class='ocrx_word' id='word_1_271' title='bbox 687 2367 817 2404; x_wconf 87' lang='lat' dir='ltr'>mato</span> <span class='ocrx_word' id='word_1_272' title='bbox 831 2351 940 2405; x_wconf 89' lang='lat' dir='ltr'>nese</span> <span class='ocrx_word' id='word_1_273' title='bbox 953 2355 995 2405; x_wconf 89' lang='lat' dir='ltr'>se</span> <span class='ocrx_word' id='word_1_274' title='bbox 1007 2356 1152 2405; x_wconf 78' lang='lat' dir='ltr'>hostes</span> <span class='ocrx_word' id='word_1_275' title='bbox 1167 2358 1360 2404; x_wconf 82' lang='lat' dir='ltr'>inuicem</span> <span class='ocrx_word' id='word_1_276' title='bbox 1372 2348 1880 2404; x_wconf 71' lang='lat' dir='ltr'>lacellantechitothecae</span> <span class='ocrx_word' id='word_1_277' title='bbox 1894 2365 1977 2402; x_wconf 75' lang='lat' dir='ltr'>nor</span> 
     </span>
     <span class='ocr_line' id='line_1_47' title="bbox 687 2415 1975 2486; baseline -0.004 -21"><span class='ocrx_word' id='word_1_278' title='bbox 687 2419 754 2465; x_wconf 82' lang='lat' dir='ltr'>bis</span> <span class='ocrx_word' id='word_1_279' title='bbox 769 2425 955 2470; x_wconf 84' lang='lat' dir='ltr'>manicae</span> <span class='ocrx_word' id='word_1_280' title='bbox 969 2431 1195 2486; x_wconf 84' lang='lat' dir='ltr'>tegmenta</span> <span class='ocrx_word' id='word_1_281' title='bbox 1214 2420 1768 2471; x_wconf 56' lang='lat' dir='ltr'>manuumzpliniusmvnn.</span> <span class='ocrx_word' id='word_1_282' title='bbox 1786 2415 1843 2464; x_wconf 85' lang='lat' dir='ltr'>de</span> <span class='ocrx_word' id='word_1_283' title='bbox 1856 2416 1975 2481; x_wconf 61' lang='lat' dir='ltr'>spart</span> 
     </span>
     <span class='ocr_line' id='line_1_48' title="bbox 686 2482 1970 2552; baseline -0.004 -18"><span class='ocrx_word' id='word_1_284' title='bbox 686 2492 738 2534; x_wconf 79' lang='lat' dir='ltr'>to</span> <span class='ocrx_word' id='word_1_285' title='bbox 755 2482 960 2536; x_wconf 80' lang='lat' dir='ltr'>Ocreatis</span> <span class='ocrx_word' id='word_1_286' title='bbox 983 2489 1129 2552; x_wconf 84' lang='lat' dir='ltr'>inquit</span> <span class='ocrx_word' id='word_1_287' title='bbox 1150 2487 1349 2537; x_wconf 80' lang='lat' dir='ltr'>cruribus</span> <span class='ocrx_word' id='word_1_288' title='bbox 1361 2482 1588 2551; x_wconf 70' lang='lat' dir='ltr'>manicisq</span> <span class='ocrx_word' id='word_1_289' title='bbox 1602 2483 1720 2533; x_wconf 74' lang='lat' dir='ltr'>tedis</span> <span class='ocrx_word' id='word_1_290' title='bbox 1735 2483 1970 2550; x_wconf 65' lang='lat' dir='ltr'>mamburg-</span> 
     </span>
    </p>
   </div>
  </div>
 </body>
</html>
