2148 3068
256 308 558 375 Tympanum

257 1031 544 1086 Pauonacea'

256 1227 441 1296 Tegulae

264 1946 552 2001 Pseudisodot

297 2026 412 2067 mon

262 2401 456 2454 Periscos

262 2465 583 2533 pseudisognifi

708 238 853 287 elmus
867 251 962 302 quo
972 246 1244 300 tympanum
1257 239 1303 290 id
1312 241 1369 290 est
1381 241 1739 305 quadratumtuel
1753 241 1926 293 alterius
1941 241 1992 290 fir

707 318 832 368 gurae
844 302 1033 365 spatium
1046 303 1062 350 i
1077 302 1251 352 ualuisti
1262 310 1532 355 arcissalioue
1543 322 1676 372 opere
1701 310 1901 357 intestino
1914 320 1993 370 per

706 370 932 416 ambitum
943 365 1147 414 {cluditur
1158 379 1254 417 non
1264 374 1516 419 ornamenti
1529 372 1676 423 modo
1687 371 1760 421 sed
1775 373 1996 421 firmitatis

709 446 851 495 quoffl
865 429 1248 493 gratia‘Vitruuius
1260 433 1847 501 libr0.nn.latitudoimpegis
1861 439 1906 483 in
1927 434 1997 484 fo'

713 494 917 542 ribusfiat
939 499 1145 557 tympani
1170 501 1297 546 tertia
1311 511 1432 561 parre
1444 530 1456 548 .
1467 499 1717 566 Compago
1738 499 1993 551 coniunctio

715 562 761 606 &
776 555 1061 608 commissura
1082 558 1261 608 Plinius.
1272 576 1359 614 xvi.
1371 565 1416 609 in
1432 565 1594 614 Dianae
1617 565 1802 629 ephel'rae
1817 565 1991 626 templo

710 620 974 734 {apffeffinas
995 622 1149 671 ualuas
1170 626 1217 671 in
1237 625 1417 689 glutinis
1442 642 1691 694 ‘compage
1731 628 1998 696 quadrienio

739 702 782 735 ui
819 702 857 735 et

646 752 666 799 1
714 754 904 800 mbrices
929 749 1050 799 unde
1060 752 1311 800 imbricium
1335 753 1510 801 intectis
1532 755 1786 820 nonestqui
1808 754 1992 805 nesciat:

710 816 1098 876 Plinius.xxxyi.1n
1112 815 1288 881 Belgica
1303 820 1526 880 prouintia
1539 818 1783 867 candidum
1796 819 1993 883 lapidem

706 879 817 929 serra
828 895 920 945 qua
932 880 1330 947 lignumtfaciliuscg
1341 886 1473 930 etiam
1487 882 1632 931 secant
1643 882 1728 931 sad
1742 884 1994 947 tegularum

710 949 1009 994 &imbricum
1027 949 1189 995 uicem!
1202 945 1270 993 uel
1283 947 1313 995 si
1326 946 1457 994 libeat
1469 946 1528 994 ad
1543 962 1646 1010 quoe
1660 959 1827 997 uocant
1853 950 2020 1002 Pauw,

706 1022 843 1058 nacea
856 1009 1032 1074 tegendi
1041 1007 1367 1074 generazSise‘na
1383 1008 1743 1075 hist.1u.diffipatis
1756 1013 1994 1061 imbricum

707 1074 1006 1138 fragminibus
1019 1090 1070 1122 ac
1081 1076 1194 1123 testis
1205 1075 1595 1140 tegulaycpiautus
1609 1080 1653 1124 in
1668 1075 1925 1125 mostellaria
1939 1080 1999 1126 ιέν

709 1141 850 1201 pestas
863 1142 984 1187 uenit
998 1137 1183 1204 cofregit
1194 1141 1363 1205 tegulas
1377 1138 1677 1205 imbricesq32&
1691 1141 1708 1190 i
1723 1140 1998 1190 milireecofre

709 1203 802 1266 gisti
812 1205 1015 1251 imbrices
1032 1203 1257 1269 &tegulas
1272 1222 1286 1242 κ
1300 1206 1409 1254 Haec
1419 1216 1572 1254 autem
1595 1204 1833 1253 adscribere
1856 1207 1996 1255 uoluit

711 1282 815 1314 mus
827 1280 875 1315 ut
888 1269 1099 1332 intelligas
1112 1271 1314 1318 imbrices
1325 1269 1565 1334 significare
1575 1285 1599 1316 e
1610 1271 1768 1334 figlino
1787 1283 1921 1333 opere
1936 1274 1998 1317 int

710 1344 870 1380 curuas
882 1332 1199 1395 tegulaszvnde
1209 1332 1352 1381 secant
1366 1333 1509 1383 Plinio
1526 1331 1689 1382 Sisenae
1703 1334 1766 1382 fra
1801 1336 2003 1383 minibus

715 1399 760 1444 δι
777 1396 937 1445 Plauto
960 1396 1200 1462 confregit:
1214 1399 1481 1445 acimbrices
1495 1401 1539 1446 δι
1565 1397 1738 1461 tegulas
1783 1412 1935 1462 emper
1948 1397 1997 1448 fit

711 1462 805 1509 mul
818 1460 982 1522 positas
995 1478 1009 1502 κ
1024 1462 1079 1509 Et
1091 1466 1196 1525 quia
1210 1463 1412 1510 imbrices
1422 1462 1494 1509 seu
1510 1461 1591 1508 sint
1614 1462 1716 1511 solae
1729 1473 1806 1508 aut
1818 1476 1922 1509 cum
1939 1476 1998 1510 tet

709 1525 934 1589 gulistalia:
945 1520 1071 1588 su‘per
1083 1529 1188 1574 alias
1213 1525 1361 1573 sedent
1373 1532 1416 1572 in
1432 1527 1549 1573 tedis
1573 1528 1807 1574 imbricata
1822 1529 1932 1574 inter
1957 1526 2000 1575 se

711 1601 915 1637 cementa
929 1593 972 1636 in
985 1602 1144 1653 genere
1167 1589 1367 1636 structure
1379 1594 1595 1636 incertum
1605 1589 1735 1652 quod
1757 1603 1925 1639 uocant
1937 1591 2001 1640 dit

713 1656 777 1701 xit
790 1654 1111 1700 Vitruuiustcui
1124 1655 1168 1700 &
1181 1653 1368 1715 tegulayz
1380 1653 1488 1700 testa
1499 1658 1803 1701 nominantur:

712 1715 944 1769 sodomon
966 1731 1110 1782 genus
1122 1717 1336 1765 structurae
1347 1720 1477 1782 graeci
1501 1729 1668 1766 uocant
1678 1731 1783 1766 cum
1795 1731 1820 1765 e
1843 1715 1996 1780 lapide

712 1781 829 1831 duro
839 1797 890 1831 ac
901 1782 1014 1831 silice
1026 1796 1162 1845 aequo
1176 1782 1398 1829 exstruunt
1419 1780 1553 1828 ueluti
1567 1782 1772 1830 lateritios
1785 1784 1968 1844 parietes
1981 1796 1995 1832 ε

713 1858 760 1895 at
781 1862 885 1895 cum
911 1848 1120 1911 inaequali
1144 1844 1419 1894 craffitudine
1443 1846 1687 1893 struxerunt
1708 1843 1998 1894 Pseudisodot

713 1924 828 1961 mon
840 1929 851 1962 t
863 1913 1040 1960 tertium
1065 1912 1122 1958 est
1147 1909 1390 1972 Eupleffiton
1411 1908 1634 1957 frontibus
1660 1921 1836 1957 tantum
1849 1907 2001 1972 politis

714 1977 881 2026 Plinio.
895 1990 1030 2024 xxxvi
1044 2013 1056 2025 .
1070 1976 1278 2023 Vitruuio
1290 1973 1404 2022 libro
1429 1971 1624 2022 secundo
1636 1971 1996 2037 Empledontubi

712 2040 964 2090 Isodomon
991 2043 1137 2104 inquit
1147 2037 1302 2086 dicitur
1315 2052 1421 2085 cum
1432 2041 1588 2086 omnia
1602 2041 1720 2087 coria
1745 2051 1875 2100 aequa
1887 2036 1993 2086 crasr

709 2103 898 2155 sstudine
908 2104 1068 2152 fuerint
1081 2103 1240 2152 structa:
1254 2100 1655 2152 Pseudisodomum
1670 2115 1776 2149 cum
1799 2105 1993 2165 impares

708 2174 755 2219 δι
768 2168 1006 2235 inaequales
1019 2167 1196 2216 ordines
1210 2170 1433 2216 coriorum
1446 2166 1827 2231 dirigunturzro-oe-
1838 2180 1999 2229 aequus

710 2235 892 2299 aequalis
906 2231 1150 2296 isopleuros
1163 2234 1301 2295 aequis
1315 2229 1652 2282 lareribus:Sunt
1664 2235 1743 2295 qui
1755 2227 2000 2280 Petiffodos·

712 2314 827 2349 mon
840 2299 988 2347 uelint:
1001 2295 1191 2363 quando
1203 2288 1394 2343 Petisson
1404 2299 1534 2358 graeci
1557 2295 1774 2361 inaequale
1788 2297 1833 2343 δι
1846 2297 1993 2357 impar

709 2364 945 2412 dicuntealii
957 2378 1066 2412 uero
1078 2359 1321 2425 Isogonion
1335 2362 1378 2407 &
1396 2358 1772 2426 Pseudisogonion
1784 2360 1844 2407 ab
1855 2373 1997 2422 angut

710 2430 784 2477 lis:
798 2430 952 2493 nam&
977 2428 1129 2475 haecin
1154 2424 1306 2475 medio
1319 2421 1463 2488 posuit
1486 2426 1614 2473 Deus
1627 2427 1784 2474 omnia
1799 2436 1993 2485 campo:

707 2492 871 2541 Latinis
884 2492 1189 2543 structurarum
1199 2503 1359 2557 genera
1374 2487 1475 2539 sunt
1486 2487 1790 2552 Reticulatum
1801 2502 1829 2538 a
1840 2492 1991 2538 retictv
