<?xml version="1.0" encoding="UTF-8"?>
<!DOCTYPE html PUBLIC "-//W3C//DTD XHTML 1.0 Transitional//EN"
    "http://www.w3.org/TR/xhtml1/DTD/xhtml1-transitional.dtd">
<html xmlns="http://www.w3.org/1999/xhtml" xml:lang="en" lang="en">
 <head>
  <title>
</title>
<meta http-equiv="Content-Type" content="text/html;charset=utf-8" />
  <meta name='ocr-system' content='tesseract 3.04.00' />
  <meta name='ocr-capabilities' content='ocr_page ocr_carea ocr_par ocr_line ocrx_word'/>
</head>
<body>
  <div class='ocr_page' id='page_1' title='image "./franciscimariigr00grap_0398.png"; bbox 0 0 2148 3068; ppageno 0'>
   <div class='ocr_carea' id='block_1_1' title="bbox 218 625 483 691">
    <p class='ocr_par' dir='ltr' id='par_1_1' title="bbox 218 625 483 691">
     <span class='ocr_line' id='line_1_1' title="bbox 218 625 483 691; baseline 0.004 -18"><span class='ocrx_word' id='word_1_1' title='bbox 218 625 483 691; x_wconf 62' lang='lat' dir='ltr'>Biephantia</span> 
     </span>
    </p>
   </div>
   <div class='ocr_carea' id='block_1_2' title="bbox 216 1010 529 1136">
    <p class='ocr_par' dir='ltr' id='par_1_2' title="bbox 216 1010 529 1136">
     <span class='ocr_line' id='line_1_2' title="bbox 216 1010 529 1077; baseline -0.019 -13"><span class='ocrx_word' id='word_1_2' title='bbox 216 1013 417 1064; x_wconf 80' lang='lat' dir='ltr'>Morbus</span> <span class='ocrx_word' id='word_1_3' title='bbox 428 1010 529 1077; x_wconf 90' lang='lat' dir='ltr'>galli</span> 
     </span>
     <span class='ocr_line' id='line_1_3' title="bbox 249 1093 342 1136; baseline 0 -8"><span class='ocrx_word' id='word_1_4' title='bbox 249 1093 342 1136; x_wconf 20' lang='lat' dir='ltr'>cus*</span> 
     </span>
    </p>
   </div>
   <div class='ocr_carea' id='block_1_3' title="bbox 216 1270 356 1384">
    <p class='ocr_par' dir='ltr' id='par_1_3' title="bbox 216 1270 356 1384">
     <span class='ocr_line' id='line_1_4' title="bbox 216 1270 356 1317; baseline 0 0"><span class='ocrx_word' id='word_1_5' title='bbox 216 1270 356 1317; x_wconf 77' lang='lat' dir='ltr'>Aoria</span> 
     </span>
     <span class='ocr_line' id='line_1_5' title="bbox 216 1313 353 1384; baseline -0.022 0"><span class='ocrx_word' id='word_1_6' title='bbox 216 1313 353 1384; x_wconf 55' lang='lat' dir='ltr'>vibra</span> 
     </span>
    </p>
   </div>
   <div class='ocr_carea' id='block_1_4' title="bbox 218 1585 467 1658">
    <p class='ocr_par' dir='ltr' id='par_1_4' title="bbox 218 1585 467 1658">
     <span class='ocr_line' id='line_1_6' title="bbox 218 1585 467 1658; baseline -0.02 -19"><span class='ocrx_word' id='word_1_7' title='bbox 218 1591 338 1658; x_wconf 76' lang='lat' dir='ltr'>ignis</span> <span class='ocrx_word' id='word_1_8' title='bbox 353 1585 467 1637; x_wconf 88' lang='lat' dir='ltr'>sacer</span> 
     </span>
    </p>
   </div>
   <div class='ocr_carea' id='block_1_5' title="bbox 201 2473 557 2542">
    <p class='ocr_par' dir='ltr' id='par_1_5' title="bbox 201 2473 557 2542">
     <span class='ocr_line' id='line_1_7' title="bbox 201 2473 557 2542; baseline -0.011 -15"><span class='ocrx_word' id='word_1_9' title='bbox 201 2473 557 2542; x_wconf 73' lang='lat' dir='ltr'>Eryfipeiatodes</span> 
     </span>
    </p>
   </div>
   <div class='ocr_carea' id='block_1_6' title="bbox 658 223 1962 1558">
    <p class='ocr_par' dir='ltr' id='par_1_6' title="bbox 658 223 1962 1558">
     <span class='ocr_line' id='line_1_8' title="bbox 666 223 1949 292; baseline 0 -15"><span class='ocrx_word' id='word_1_10' title='bbox 666 228 843 292; x_wconf 75' lang='lat' dir='ltr'>iaequali</span> <span class='ocrx_word' id='word_1_11' title='bbox 855 237 954 274; x_wconf 89' lang='lat' dir='ltr'>cute</span> <span class='ocrx_word' id='word_1_12' title='bbox 966 224 1068 274; x_wconf 86' lang='lat' dir='ltr'>alibi</span> <span class='ocrx_word' id='word_1_13' title='bbox 1079 223 1208 276; x_wconf 77' lang='lat' dir='ltr'>crassa</span> <span class='ocrx_word' id='word_1_14' title='bbox 1221 228 1321 277; x_wconf 84' lang='lat' dir='ltr'>alibi</span> <span class='ocrx_word' id='word_1_15' title='bbox 1333 229 1675 280; x_wconf 67' lang='lat' dir='ltr'>tenuitdurarceu</span> <span class='ocrx_word' id='word_1_16' title='bbox 1686 228 1827 279; x_wconf 79' lang='lat' dir='ltr'>scabie</span> <span class='ocrx_word' id='word_1_17' title='bbox 1836 226 1891 276; x_wconf 85' lang='lat' dir='ltr'>as</span> <span class='ocrx_word' id='word_1_18' title='bbox 1879 238 1949 292; x_wconf 69' lang='lat' dir='ltr'>pet</span> 
     </span>
     <span class='ocr_line' id='line_1_9' title="bbox 670 291 1947 355; baseline 0 -15"><span class='ocrx_word' id='word_1_19' title='bbox 670 291 795 340; x_wconf 78' lang='lat' dir='ltr'>ra¹ad</span> <span class='ocrx_word' id='word_1_20' title='bbox 807 292 1030 353; x_wconf 80' lang='lat' dir='ltr'>postremi‘i</span> <span class='ocrx_word' id='word_1_21' title='bbox 1044 304 1151 339; x_wconf 86' lang='lat' dir='ltr'>uero</span> <span class='ocrx_word' id='word_1_22' title='bbox 1164 293 1439 355; x_wconf 66' lang='lat' dir='ltr'>nigrescente</span> <span class='ocrx_word' id='word_1_23' title='bbox 1456 299 1500 344; x_wconf 69' lang='grc' dir='ltr'><strong>ἃ</strong></span> <span class='ocrx_word' id='word_1_24' title='bbox 1517 295 1575 344; x_wconf 92' lang='lat' dir='ltr'>ad</span> <span class='ocrx_word' id='word_1_25' title='bbox 1588 293 1681 345; x_wconf 79' lang='lat' dir='ltr'>offa</span> <span class='ocrx_word' id='word_1_26' title='bbox 1703 307 1853 344; x_wconf 87' lang='lat' dir='ltr'>carnes</span> <span class='ocrx_word' id='word_1_27' title='bbox 1864 305 1947 355; x_wconf 78' lang='lat' dir='ltr'>opt</span> 
     </span>
     <span class='ocr_line' id='line_1_10' title="bbox 668 351 1952 423; baseline 0.003 -21"><span class='ocrx_word' id='word_1_28' title='bbox 668 351 1248 419; x_wconf 74' lang='lat' dir='ltr'>primetetitumescentibus</span> <span class='ocrx_word' id='word_1_29' title='bbox 1263 355 1410 422; x_wconf 83' lang='lat' dir='ltr'>digitis</span> <span class='ocrx_word' id='word_1_30' title='bbox 1422 364 1467 407; x_wconf 90' lang='lat' dir='ltr'>in</span> <span class='ocrx_word' id='word_1_31' title='bbox 1479 361 1670 423; x_wconf 84' lang='lat' dir='ltr'>pedibus</span> <span class='ocrx_word' id='word_1_32' title='bbox 1681 356 1901 408; x_wconf 89' lang='lat' dir='ltr'>manibus</span> <span class='ocrx_word' id='word_1_33' title='bbox 1938 371 1952 406; x_wconf 75' lang='grc' dir='ltr'><strong><em>ε</em></strong></span> 
     </span>
     <span class='ocr_line' id='line_1_11' title="bbox 667 374 1950 488; baseline 0.004 -25"><span class='ocrx_word' id='word_1_34' title='bbox 667 422 869 484; x_wconf 78' lang='lat' dir='ltr'><strong>Aegypti</strong></span> <span class='ocrx_word' id='word_1_35' title='bbox 894 419 1109 480; x_wconf 76' lang='lat' dir='ltr'>peculiare</span> <span class='ocrx_word' id='word_1_36' title='bbox 1122 419 1211 468; x_wconf 89' lang='lat' dir='ltr'>hoc</span> <span class='ocrx_word' id='word_1_37' title='bbox 1223 422 1394 470; x_wconf 85' lang='lat' dir='ltr'>malum</span> <span class='ocrx_word' id='word_1_38' title='bbox 1412 428 1454 471; x_wconf 70' lang='grc' dir='ltr'>ἃ</span> <span class='ocrx_word' id='word_1_39' title='bbox 1469 439 1575 472; x_wconf 87' lang='lat' dir='ltr'>cum</span> <span class='ocrx_word' id='word_1_40' title='bbox 1588 428 1633 471; x_wconf 92' lang='lat' dir='ltr'>in</span> <span class='ocrx_word' id='word_1_41' title='bbox 1647 437 1769 488; x_wconf 87' lang='lat' dir='ltr'>reges</span> <span class='ocrx_word' id='word_1_42' title='bbox 1783 374 1950 469; x_wconf 43' lang='lat' dir='ltr'>incid}</span> 
     </span>
     <span class='ocr_line' id='line_1_12' title="bbox 668 481 1949 550; baseline 0.003 -20"><span class='ocrx_word' id='word_1_43' title='bbox 668 483 729 530; x_wconf 87' lang='lat' dir='ltr'>set</span> <span class='ocrx_word' id='word_1_44' title='bbox 742 482 919 545; x_wconf 84' lang='lat' dir='ltr'>populis</span> <span class='ocrx_word' id='word_1_45' title='bbox 933 481 1117 530; x_wconf 85' lang='lat' dir='ltr'>funebre</span> <span class='ocrx_word' id='word_1_46' title='bbox 1134 490 1300 547; x_wconf 86' lang='lat' dir='ltr'>quippe</span> <span class='ocrx_word' id='word_1_47' title='bbox 1314 490 1356 532; x_wconf 89' lang='lat' dir='ltr'>in</span> <span class='ocrx_word' id='word_1_48' title='bbox 1371 489 1537 535; x_wconf 80' lang='lat' dir='ltr'>balneis</span> <span class='ocrx_word' id='word_1_49' title='bbox 1549 487 1653 539; x_wconf 86' lang='lat' dir='ltr'>solia</span> <span class='ocrx_word' id='word_1_50' title='bbox 1671 487 1949 550; x_wconf 50' lang='lat' dir='ltr'>‘empetabaae</span> 
     </span>
     <span class='ocr_line' id='line_1_13' title="bbox 667 544 1946 608; baseline 0.004 -14"><span class='ocrx_word' id='word_1_51' title='bbox 667 559 738 594; x_wconf 87' lang='lat' dir='ltr'>tut</span> <span class='ocrx_word' id='word_1_52' title='bbox 753 548 960 594; x_wconf 88' lang='lat' dir='ltr'>humano</span> <span class='ocrx_word' id='word_1_53' title='bbox 972 544 1185 608; x_wconf 87' lang='lat' dir='ltr'>sanguine</span> <span class='ocrx_word' id='word_1_54' title='bbox 1198 547 1254 595; x_wconf 88' lang='lat' dir='ltr'>ad</span> <span class='ocrx_word' id='word_1_55' title='bbox 1268 549 1535 599; x_wconf 82' lang='lat' dir='ltr'>medicinam</span> <span class='ocrx_word' id='word_1_56' title='bbox 1549 566 1677 601; x_wconf 85' lang='lat' dir='ltr'>eam:</span> <span class='ocrx_word' id='word_1_57' title='bbox 1693 552 1819 599; x_wconf 83' lang='lat' dir='ltr'>Idem</span> <span class='ocrx_word' id='word_1_58' title='bbox 1836 583 1846 598; x_wconf 91' lang='lat'><strong>.</strong></span> <span class='ocrx_word' id='word_1_59' title='bbox 1860 564 1918 597; x_wconf 86' lang='lat' dir='ltr'>xx</span> <span class='ocrx_word' id='word_1_60' title='bbox 1931 583 1946 599; x_wconf 85' lang='lat'><em>.</em></span> 
     </span>
     <span class='ocr_line' id='line_1_14' title="bbox 668 610 1952 678; baseline 0.004 -21"><span class='ocrx_word' id='word_1_61' title='bbox 668 611 738 657; x_wconf 90' lang='lat' dir='ltr'>his</span> <span class='ocrx_word' id='word_1_62' title='bbox 753 610 1060 657; x_wconf 75' lang='lat' dir='ltr'>comaducatis</span> <span class='ocrx_word' id='word_1_63' title='bbox 1073 611 1118 656; x_wconf 77' lang='grc' dir='ltr'>δι</span> <span class='ocrx_word' id='word_1_64' title='bbox 1132 610 1345 672; x_wconf 75' lang='lat' dir='ltr'>impositis</span> <span class='ocrx_word' id='word_1_65' title='bbox 1357 611 1494 660; x_wconf 87' lang='lat' dir='ltr'>sanari</span> <span class='ocrx_word' id='word_1_66' title='bbox 1505 615 1802 678; x_wconf 80' lang='lat' dir='ltr'>elephantiam</span> <span class='ocrx_word' id='word_1_67' title='bbox 1816 628 1830 654; x_wconf 72' lang='lat' dir='ltr'><strong><em>f</em></strong></span> <span class='ocrx_word' id='word_1_68' title='bbox 1842 612 1952 662; x_wconf 85' lang='lat' dir='ltr'>ficut</span> 
     </span>
     <span class='ocr_line' id='line_1_15' title="bbox 661 673 1948 742; baseline 0.007 -25"><span class='ocrx_word' id='word_1_69' title='bbox 661 678 816 739; x_wconf 83' lang='lat' dir='ltr'>magni</span> <span class='ocrx_word' id='word_1_70' title='bbox 832 676 1128 735; x_wconf 79' lang='lat' dir='ltr'>Pomp.aetate</span> <span class='ocrx_word' id='word_1_71' title='bbox 1140 673 1328 724; x_wconf 84' lang='lat' dir='ltr'>fortuito</span> <span class='ocrx_word' id='word_1_72' title='bbox 1341 674 1567 724; x_wconf 89' lang='lat' dir='ltr'>cuiusdam</span> <span class='ocrx_word' id='word_1_73' title='bbox 1580 681 1851 742; x_wconf 76' lang='lat' dir='ltr'>experimeto</span> <span class='ocrx_word' id='word_1_74' title='bbox 1863 691 1948 741; x_wconf 89' lang='lat' dir='ltr'>pro</span> 
     </span>
     <span class='ocr_line' id='line_1_16' title="bbox 661 736 1951 802; baseline 0.003 -18"><span class='ocrx_word' id='word_1_75' title='bbox 661 749 757 801; x_wconf 88' lang='lat' dir='ltr'>pter</span> <span class='ocrx_word' id='word_1_76' title='bbox 770 738 930 800; x_wconf 73' lang='lat' dir='ltr'>putore</span> <span class='ocrx_word' id='word_1_77' title='bbox 941 741 984 785; x_wconf 90' lang='lat' dir='ltr'>in</span> <span class='ocrx_word' id='word_1_78' title='bbox 997 736 1106 785; x_wconf 90' lang='lat' dir='ltr'>sacie</span> <span class='ocrx_word' id='word_1_79' title='bbox 1116 737 1216 786; x_wconf 89' lang='lat' dir='ltr'>illita</span> <span class='ocrx_word' id='word_1_80' title='bbox 1230 741 1464 802; x_wconf 77' lang='lat' dir='ltr'>copertum</span> <span class='ocrx_word' id='word_1_81' title='bbox 1477 741 1534 788; x_wconf 85' lang='lat' dir='ltr'>est</span> <span class='ocrx_word' id='word_1_82' title='bbox 1557 746 1692 800; x_wconf 81' lang='lat' dir='ltr'>oritur</span> <span class='ocrx_word' id='word_1_83' title='bbox 1705 757 1757 790; x_wconf 89' lang='lat' dir='ltr'>ex</span> <span class='ocrx_word' id='word_1_84' title='bbox 1771 740 1951 790; x_wconf 86' lang='lat' dir='ltr'>atrabile</span> 
     </span>
     <span class='ocr_line' id='line_1_17' title="bbox 660 800 1950 869; baseline 0.003 -20"><span class='ocrx_word' id='word_1_85' title='bbox 660 816 765 866; x_wconf 81' lang='lat' dir='ltr'>quae</span> <span class='ocrx_word' id='word_1_86' title='bbox 778 801 829 850; x_wconf 89' lang='lat' dir='ltr'>sit</span> <span class='ocrx_word' id='word_1_87' title='bbox 842 800 1116 851; x_wconf 62' lang='lat' dir='ltr'>retorridas&amp;</span> <span class='ocrx_word' id='word_1_88' title='bbox 1132 802 1271 850; x_wconf 90' lang='lat' dir='ltr'>ueluti</span> <span class='ocrx_word' id='word_1_89' title='bbox 1285 806 1407 852; x_wconf 70' lang='lat' dir='ltr'>caret</span> <span class='ocrx_word' id='word_1_90' title='bbox 1425 817 1564 852; x_wconf 88' lang='lat' dir='ltr'>unam</span> <span class='ocrx_word' id='word_1_91' title='bbox 1577 807 1645 853; x_wconf 74' lang='lat' dir='ltr'>ni&#39;i</span> <span class='ocrx_word' id='word_1_92' title='bbox 1659 811 1855 869; x_wconf 84' lang='lat' dir='ltr'>corporis</span> <span class='ocrx_word' id='word_1_93' title='bbox 1870 818 1950 869; x_wconf 86' lang='lat' dir='ltr'>par</span> 
     </span>
     <span class='ocr_line' id='line_1_18' title="bbox 658 864 1957 932; baseline 0.005 -19"><span class='ocrx_word' id='word_1_94' title='bbox 658 876 750 914; x_wconf 89' lang='lat' dir='ltr'>tem</span> <span class='ocrx_word' id='word_1_95' title='bbox 763 866 933 914; x_wconf 82' lang='lat' dir='ltr'>infestat</span> <span class='ocrx_word' id='word_1_96' title='bbox 945 865 1000 914; x_wconf 92' lang='lat' dir='ltr'>sic</span> <span class='ocrx_word' id='word_1_97' title='bbox 1012 864 1261 929; x_wconf 82' lang='lat' dir='ltr'>elephantia</span> <span class='ocrx_word' id='word_1_98' title='bbox 1274 872 1409 918; x_wconf 84' lang='lat' dir='ltr'>totius</span> <span class='ocrx_word' id='word_1_99' title='bbox 1421 872 1618 932; x_wconf 87' lang='lat' dir='ltr'>corporis</span> <span class='ocrx_word' id='word_1_100' title='bbox 1632 882 1784 916; x_wconf 86' lang='lat' dir='ltr'>cancer</span> <span class='ocrx_word' id='word_1_101' title='bbox 1798 873 1957 919; x_wconf 87' lang='lat' dir='ltr'>merito</span> 
     </span>
     <span class='ocr_line' id='line_1_19' title="bbox 665 929 1954 996; baseline 0.002 -19"><span class='ocrx_word' id='word_1_102' title='bbox 665 930 854 979; x_wconf 85' lang='lat' dir='ltr'>creditur</span> <span class='ocrx_word' id='word_1_103' title='bbox 866 930 1222 995; x_wconf 84' lang='lat' dir='ltr'>inexpugnabilis</span> <span class='ocrx_word' id='word_1_104' title='bbox 1234 947 1245 981; x_wconf 74' lang='lat' dir='ltr'>t</span> <span class='ocrx_word' id='word_1_105' title='bbox 1259 929 1544 981; x_wconf 75' lang='lat' dir='ltr'>Cassiodorus</span> <span class='ocrx_word' id='word_1_106' title='bbox 1556 936 1665 980; x_wconf 89' lang='lat' dir='ltr'>cutis</span> <span class='ocrx_word' id='word_1_107' title='bbox 1679 936 1822 996; x_wconf 88' lang='lat' dir='ltr'>inquit</span> <span class='ocrx_word' id='word_1_108' title='bbox 1832 931 1954 980; x_wconf 79' lang='lat' dir='ltr'>aialis</span> 
     </span>
     <span class='ocr_line' id='line_1_20' title="bbox 663 994 1954 1060; baseline 0.002 -18"><span class='ocrx_word' id='word_1_109' title='bbox 663 996 900 1058; x_wconf 80' lang='lat' dir='ltr'>Elephanti</span> <span class='ocrx_word' id='word_1_110' title='bbox 913 995 1115 1044; x_wconf 79' lang='lat' dir='ltr'>ulcerosis</span> <span class='ocrx_word' id='word_1_111' title='bbox 1127 994 1316 1045; x_wconf 86' lang='lat' dir='ltr'>uallibus</span> <span class='ocrx_word' id='word_1_112' title='bbox 1327 1009 1527 1045; x_wconf 87' lang='lat' dir='ltr'>exaratur</span> <span class='ocrx_word' id='word_1_113' title='bbox 1539 1013 1564 1044; x_wconf 92' lang='lat' dir='ltr'>a</span> <span class='ocrx_word' id='word_1_114' title='bbox 1578 1012 1668 1060; x_wconf 87' lang='lat' dir='ltr'>qua</span> <span class='ocrx_word' id='word_1_115' title='bbox 1693 994 1954 1058; x_wconf 79' lang='lat' dir='ltr'>transporta¹</span> 
     </span>
     <span class='ocr_line' id='line_1_21' title="bbox 663 1054 1954 1125; baseline 0.001 -18"><span class='ocrx_word' id='word_1_116' title='bbox 663 1074 794 1121; x_wconf 67' lang='lat' dir='ltr'>neoyz</span> <span class='ocrx_word' id='word_1_117' title='bbox 807 1057 1002 1108; x_wconf 83' lang='lat' dir='ltr'>nefanda</span> <span class='ocrx_word' id='word_1_118' title='bbox 1017 1054 1154 1123; x_wconf 86' lang='lat' dir='ltr'>passio</span> <span class='ocrx_word' id='word_1_119' title='bbox 1164 1072 1334 1112; x_wconf 90' lang='lat' dir='ltr'>nomen</span> <span class='ocrx_word' id='word_1_120' title='bbox 1350 1062 1646 1125; x_wconf 76' lang='lat' dir='ltr'>accepittHinc</span> <span class='ocrx_word' id='word_1_121' title='bbox 1657 1058 1875 1121; x_wconf 64' lang='lat' dir='ltr'>medicoyz</span> <span class='ocrx_word' id='word_1_122' title='bbox 1888 1062 1954 1108; x_wconf 76' lang='grc' dir='ltr'>ηδ</span> 
     </span>
     <span class='ocr_line' id='line_1_22' title="bbox 663 1122 1957 1189; baseline 0 -17"><span class='ocrx_word' id='word_1_123' title='bbox 663 1125 808 1172; x_wconf 88' lang='lat' dir='ltr'>ultimi</span> <span class='ocrx_word' id='word_1_124' title='bbox 819 1123 975 1174; x_wconf 77' lang='lat' dir='ltr'>nostrae</span> <span class='ocrx_word' id='word_1_125' title='bbox 989 1128 1126 1173; x_wconf 83' lang='lat' dir='ltr'>aetatis</span> <span class='ocrx_word' id='word_1_126' title='bbox 1138 1127 1305 1175; x_wconf 79' lang='lat' dir='ltr'>mOtbsl</span> <span class='ocrx_word' id='word_1_127' title='bbox 1319 1127 1536 1174; x_wconf 83' lang='lat' dir='ltr'>Gallicum</span> <span class='ocrx_word' id='word_1_128' title='bbox 1552 1128 1631 1189; x_wconf 91' lang='lat' dir='ltr'>qui</span> <span class='ocrx_word' id='word_1_129' title='bbox 1642 1136 1783 1187; x_wconf 86' lang='lat' dir='ltr'>nuper</span> <span class='ocrx_word' id='word_1_130' title='bbox 1794 1122 1957 1187; x_wconf 81' lang='lat' dir='ltr'>irrepsit</span> 
     </span>
     <span class='ocr_line' id='line_1_23' title="bbox 669 1188 1956 1253; baseline -0.001 -17"><span class='ocrx_word' id='word_1_131' title='bbox 669 1188 985 1250; x_wconf 88' lang='lat' dir='ltr'>Elephantiam</span> <span class='ocrx_word' id='word_1_132' title='bbox 999 1188 1197 1236; x_wconf 59' lang='lat' dir='ltr'>credunt-¹</span> <span class='ocrx_word' id='word_1_133' title='bbox 1210 1189 1278 1237; x_wconf 90' lang='lat' dir='ltr'>alii</span> <span class='ocrx_word' id='word_1_134' title='bbox 1291 1191 1509 1238; x_wconf 85' lang='lat' dir='ltr'>Lichenas</span> <span class='ocrx_word' id='word_1_135' title='bbox 1533 1190 1712 1238; x_wconf 87' lang='lat' dir='ltr'>uoluere</span> <span class='ocrx_word' id='word_1_136' title='bbox 1724 1189 1956 1253; x_wconf 66' lang='lat' dir='ltr'>agi-iamne</span> 
     </span>
     <span class='ocr_line' id='line_1_24' title="bbox 676 1251 1956 1318; baseline -0.002 -17"><span class='ocrx_word' id='word_1_137' title='bbox 676 1252 979 1318; x_wconf 75' lang='lat' dir='ltr'>psoramznam</span> <span class='ocrx_word' id='word_1_138' title='bbox 993 1267 1088 1315; x_wconf 65' lang='lat' dir='ltr'>eoyc</span> <span class='ocrx_word' id='word_1_139' title='bbox 1103 1253 1281 1317; x_wconf 85' lang='lat' dir='ltr'>plurimi</span> <span class='ocrx_word' id='word_1_140' title='bbox 1289 1252 1604 1317; x_wconf 86' lang='lat' dir='ltr'>elephantiasin</span> <span class='ocrx_word' id='word_1_141' title='bbox 1616 1256 1814 1302; x_wconf 85' lang='lat' dir='ltr'>uocitant</span> <span class='ocrx_word' id='word_1_142' title='bbox 1829 1251 1873 1299; x_wconf 92' lang='lat' dir='ltr'>id</span> <span class='ocrx_word' id='word_1_143' title='bbox 1883 1266 1956 1315; x_wconf 74' lang='lat' dir='ltr'>get</span> 
     </span>
     <span class='ocr_line' id='line_1_25' title="bbox 678 1315 1957 1380; baseline -0.002 -15"><span class='ocrx_word' id='word_1_144' title='bbox 678 1331 764 1365; x_wconf 88' lang='lat' dir='ltr'>nus</span> <span class='ocrx_word' id='word_1_145' title='bbox 778 1320 926 1365; x_wconf 88' lang='lat' dir='ltr'>morbi</span> <span class='ocrx_word' id='word_1_146' title='bbox 951 1332 1049 1380; x_wconf 89' lang='lat' dir='ltr'>quo</span> <span class='ocrx_word' id='word_1_147' title='bbox 1061 1331 1183 1365; x_wconf 86' lang='lat' dir='ltr'>crura</span> <span class='ocrx_word' id='word_1_148' title='bbox 1199 1318 1314 1368; x_wconf 90' lang='lat' dir='ltr'>adeo</span> <span class='ocrx_word' id='word_1_149' title='bbox 1325 1318 1640 1367; x_wconf 76' lang='lat' dir='ltr'>intumescunt</span> <span class='ocrx_word' id='word_1_150' title='bbox 1663 1329 1712 1365; x_wconf 91' lang='lat' dir='ltr'>ut</span> <span class='ocrx_word' id='word_1_151' title='bbox 1725 1328 1877 1365; x_wconf 86' lang='lat' dir='ltr'>tumor</span> <span class='ocrx_word' id='word_1_152' title='bbox 1890 1315 1957 1363; x_wconf 87' lang='lat' dir='ltr'>ille</span> 
     </span>
     <span class='ocr_line' id='line_1_26' title="bbox 676 1379 1961 1446; baseline -0.001 -18"><span class='ocrx_word' id='word_1_153' title='bbox 676 1380 814 1446; x_wconf 79' lang='lat' dir='ltr'>pedes</span> <span class='ocrx_word' id='word_1_154' title='bbox 825 1385 869 1427; x_wconf 90' lang='lat' dir='ltr'>in</span> <span class='ocrx_word' id='word_1_155' title='bbox 883 1381 1191 1445; x_wconf 84' lang='lat' dir='ltr'>elephantiacis</span> <span class='ocrx_word' id='word_1_156' title='bbox 1204 1381 1362 1429; x_wconf 83' lang='lat' dir='ltr'>similes</span> <span class='ocrx_word' id='word_1_157' title='bbox 1375 1383 1596 1445; x_wconf 88' lang='lat' dir='ltr'>elephanti</span> <span class='ocrx_word' id='word_1_158' title='bbox 1611 1380 1800 1444; x_wconf 87' lang='lat' dir='ltr'>pedibus</span> <span class='ocrx_word' id='word_1_159' title='bbox 1812 1379 1961 1428; x_wconf 74' lang='lat' dir='ltr'>reddet</span> 
     </span>
     <span class='ocr_line' id='line_1_27' title="bbox 667 1444 1962 1509; baseline -0.002 -15"><span class='ocrx_word' id='word_1_160' title='bbox 667 1460 712 1494; x_wconf 85' lang='lat' dir='ltr'>te</span> <span class='ocrx_word' id='word_1_161' title='bbox 726 1444 989 1493; x_wconf 74' lang='lat' dir='ltr'>uideaturzut</span> <span class='ocrx_word' id='word_1_162' title='bbox 1002 1446 1102 1509; x_wconf 65' lang='lat' dir='ltr'>ci‘icB</span> <span class='ocrx_word' id='word_1_163' title='bbox 1117 1447 1304 1494; x_wconf 83' lang='lat' dir='ltr'>morbus</span> <span class='ocrx_word' id='word_1_164' title='bbox 1314 1445 1381 1493; x_wconf 88' lang='lat' dir='ltr'>ille</span> <span class='ocrx_word' id='word_1_165' title='bbox 1392 1444 1690 1493; x_wconf 67' lang='lat' dir='ltr'>Gallicusatra</span> <span class='ocrx_word' id='word_1_166' title='bbox 1702 1445 1826 1507; x_wconf 75' lang='lat' dir='ltr'>pestis</span> <span class='ocrx_word' id='word_1_167' title='bbox 1841 1444 1962 1492; x_wconf 74' lang='lat' dir='ltr'>estt&amp;</span> 
     </span>
     <span class='ocr_line' id='line_1_28' title="bbox 673 1508 1585 1558; baseline -0.002 0"><span class='ocrx_word' id='word_1_168' title='bbox 673 1514 718 1558; x_wconf 92' lang='lat' dir='ltr'>in</span> <span class='ocrx_word' id='word_1_169' title='bbox 728 1511 944 1558; x_wconf 88' lang='lat' dir='ltr'>omnibus</span> <span class='ocrx_word' id='word_1_170' title='bbox 961 1510 1047 1556; x_wconf 87' lang='lat' dir='ltr'>fere</span> <span class='ocrx_word' id='word_1_171' title='bbox 1060 1511 1232 1557; x_wconf 70' lang='lat' dir='ltr'>malum</span> <span class='ocrx_word' id='word_1_172' title='bbox 1245 1508 1585 1558; x_wconf 83' lang='lat' dir='ltr'>immedicabile:</span> 
     </span>
    </p>
   </div>
   <div class='ocr_carea' id='block_1_7' title="bbox 611 1569 1960 1635">
    <p class='ocr_par' dir='ltr' id='par_1_7' title="bbox 611 1569 1960 1635">
     <span class='ocr_line' id='line_1_29' title="bbox 611 1569 1960 1635; baseline -0.001 -14"><span class='ocrx_word' id='word_1_173' title='bbox 611 1573 651 1621; x_wconf 80' lang='grc' dir='ltr'><strong><em>Ε</em></strong></span> <span class='ocrx_word' id='word_1_174' title='bbox 678 1572 881 1633; x_wconf 77' lang='lat' dir='ltr'>tvsipelas</span> <span class='ocrx_word' id='word_1_175' title='bbox 899 1571 1150 1621; x_wconf 82' lang='lat' dir='ltr'>Dioscoridi</span> <span class='ocrx_word' id='word_1_176' title='bbox 1162 1576 1276 1635; x_wconf 80' lang='lat' dir='ltr'>ignis</span> <span class='ocrx_word' id='word_1_177' title='bbox 1288 1572 1402 1620; x_wconf 84' lang='lat' dir='ltr'>sacer</span> <span class='ocrx_word' id='word_1_178' title='bbox 1415 1575 1558 1622; x_wconf 82' lang='lat' dir='ltr'>Plinio</span> <span class='ocrx_word' id='word_1_179' title='bbox 1570 1570 1702 1620; x_wconf 75' lang='lat' dir='ltr'>dicit&#39;:</span> <span class='ocrx_word' id='word_1_180' title='bbox 1716 1569 1839 1635; x_wconf 88' lang='lat' dir='ltr'>apud</span> <span class='ocrx_word' id='word_1_181' title='bbox 1849 1571 1960 1620; x_wconf 86' lang='lat' dir='ltr'>Cor.</span> 
     </span>
    </p>
   </div>
   <div class='ocr_carea' id='block_1_8' title="bbox 666 1633 1961 1958">
    <p class='ocr_par' dir='ltr' id='par_1_8' title="bbox 666 1633 1961 1958">
     <span class='ocr_line' id='line_1_30' title="bbox 671 1633 1960 1698; baseline 0 -13"><span class='ocrx_word' id='word_1_182' title='bbox 671 1637 855 1685; x_wconf 88' lang='lat' dir='ltr'>Celsum</span> <span class='ocrx_word' id='word_1_183' title='bbox 866 1640 911 1682; x_wconf 86' lang='lat' dir='ltr'>in</span> <span class='ocrx_word' id='word_1_184' title='bbox 924 1636 1178 1683; x_wconf 83' lang='lat' dir='ltr'>uulneribus</span> <span class='ocrx_word' id='word_1_185' title='bbox 1192 1639 1325 1682; x_wconf 85' lang='lat' dir='ltr'>etiam</span> <span class='ocrx_word' id='word_1_186' title='bbox 1348 1639 1608 1685; x_wconf 83' lang='lat' dir='ltr'>nominatur</span> <span class='ocrx_word' id='word_1_187' title='bbox 1618 1633 1862 1698; x_wconf 80' lang='lat' dir='ltr'>Etysipelas</span> <span class='ocrx_word' id='word_1_188' title='bbox 1875 1649 1886 1683; x_wconf 77' lang='grc' dir='ltr'><strong>ε</strong></span> <span class='ocrx_word' id='word_1_189' title='bbox 1901 1636 1960 1685; x_wconf 64' lang='lat' dir='ltr'>nd</span> 
     </span>
     <span class='ocr_line' id='line_1_31' title="bbox 666 1696 1960 1765; baseline -0.001 -15"><span class='ocrx_word' id='word_1_190' title='bbox 666 1717 775 1750; x_wconf 87' lang='lat' dir='ltr'>cum</span> <span class='ocrx_word' id='word_1_191' title='bbox 788 1702 901 1750; x_wconf 80' lang='lat' dir='ltr'>libro</span> <span class='ocrx_word' id='word_1_192' title='bbox 914 1700 1047 1764; x_wconf 84' lang='lat' dir='ltr'>quito</span> <span class='ocrx_word' id='word_1_193' title='bbox 1057 1696 1224 1748; x_wconf 81' lang='lat' dir='ltr'>dixisset</span> <span class='ocrx_word' id='word_1_194' title='bbox 1238 1701 1466 1748; x_wconf 82' lang='lat' dir='ltr'>Cancrum</span> <span class='ocrx_word' id='word_1_195' title='bbox 1481 1714 1645 1765; x_wconf 83' lang='lat' dir='ltr'>corpus</span> <span class='ocrx_word' id='word_1_196' title='bbox 1657 1699 1726 1747; x_wconf 90' lang='lat' dir='ltr'>uel</span> <span class='ocrx_word' id='word_1_197' title='bbox 1747 1699 1876 1748; x_wconf 88' lang='lat' dir='ltr'>senile</span> <span class='ocrx_word' id='word_1_198' title='bbox 1887 1698 1960 1749; x_wconf 79' lang='lat' dir='ltr'>uel</span> 
     </span>
     <span class='ocr_line' id='line_1_32' title="bbox 673 1763 1961 1838; baseline -0.002 -24"><span class='ocrx_word' id='word_1_199' title='bbox 673 1765 782 1814; x_wconf 84' lang='lat' dir='ltr'>mali</span> <span class='ocrx_word' id='word_1_200' title='bbox 797 1766 978 1813; x_wconf 83' lang='lat' dir='ltr'>habitus</span> <span class='ocrx_word' id='word_1_201' title='bbox 988 1779 1100 1814; x_wconf 91' lang='lat' dir='ltr'>occu</span> <span class='ocrx_word' id='word_1_202' title='bbox 1104 1779 1208 1838; x_wconf 86' lang='lat' dir='ltr'>pare</span> <span class='ocrx_word' id='word_1_203' title='bbox 1226 1779 1331 1812; x_wconf 84' lang='lat' dir='ltr'>cum</span> <span class='ocrx_word' id='word_1_204' title='bbox 1345 1763 1471 1824; x_wconf 86' lang='lat' dir='ltr'>supet</span> <span class='ocrx_word' id='word_1_205' title='bbox 1483 1763 1809 1813; x_wconf 86' lang='lat' dir='ltr'>iflamationem</span> <span class='ocrx_word' id='word_1_206' title='bbox 1821 1766 1961 1813; x_wconf 75' lang='lat' dir='ltr'>tuboe</span> 
     </span>
     <span class='ocr_line' id='line_1_33' title="bbox 681 1826 1957 1891; baseline -0.002 -13"><span class='ocrx_word' id='word_1_207' title='bbox 681 1830 807 1878; x_wconf 84' lang='lat' dir='ltr'>ulcus</span> <span class='ocrx_word' id='word_1_208' title='bbox 819 1829 961 1877; x_wconf 88' lang='lat' dir='ltr'>ambit</span> <span class='ocrx_word' id='word_1_209' title='bbox 974 1844 1078 1876; x_wconf 90' lang='lat' dir='ltr'>cum</span> <span class='ocrx_word' id='word_1_210' title='bbox 1092 1830 1246 1878; x_wconf 79' lang='lat' dir='ltr'>dolore</span> <span class='ocrx_word' id='word_1_211' title='bbox 1260 1826 1506 1891; x_wconf 75' lang='lat' dir='ltr'>procedens</span> <span class='ocrx_word' id='word_1_212' title='bbox 1523 1830 1663 1876; x_wconf 81' lang='lat' dir='ltr'>statim</span> <span class='ocrx_word' id='word_1_213' title='bbox 1677 1826 1871 1876; x_wconf 74' lang='lat' dir='ltr'>insertzld</span> <span class='ocrx_word' id='word_1_214' title='bbox 1881 1842 1957 1876; x_wconf 68' lang='lat' dir='ltr'>aur</span> 
     </span>
     <span class='ocr_line' id='line_1_34' title="bbox 681 1889 1960 1958; baseline -0.003 -15"><span class='ocrx_word' id='word_1_215' title='bbox 681 1907 776 1943; x_wconf 91' lang='lat' dir='ltr'>tem</span> <span class='ocrx_word' id='word_1_216' title='bbox 798 1891 928 1958; x_wconf 86' lang='lat' dir='ltr'>quod</span> <span class='ocrx_word' id='word_1_217' title='bbox 944 1891 1185 1957; x_wconf 74' lang='lat' dir='ltr'>Etysipelas</span> <span class='ocrx_word' id='word_1_218' title='bbox 1200 1896 1349 1941; x_wconf 84' lang='lat' dir='ltr'>uocari</span> <span class='ocrx_word' id='word_1_219' title='bbox 1364 1891 1456 1939; x_wconf 88' lang='lat' dir='ltr'>dixi</span> <span class='ocrx_word' id='word_1_220' title='bbox 1479 1905 1575 1940; x_wconf 88' lang='lat' dir='ltr'>non</span> <span class='ocrx_word' id='word_1_221' title='bbox 1587 1890 1733 1940; x_wconf 87' lang='lat' dir='ltr'>solum</span> <span class='ocrx_word' id='word_1_222' title='bbox 1747 1892 1884 1940; x_wconf 88' lang='lat' dir='ltr'>ulneri</span> <span class='ocrx_word' id='word_1_223' title='bbox 1894 1889 1960 1939; x_wconf 73' lang='lat' dir='ltr'>sut</span> 
     </span>
    </p>
   </div>
   <div class='ocr_carea' id='block_1_9' title="bbox 647 1955 1964 2024">
    <p class='ocr_par' dir='ltr' id='par_1_9' title="bbox 647 1955 1964 2024">
     <span class='ocr_line' id='line_1_35' title="bbox 647 1955 1964 2024; baseline -0.002 -17"><span class='ocrx_word' id='word_1_224' title='bbox 647 1980 653 1985; x_wconf 93' lang='lat'><em>·</em></span> <span class='ocrx_word' id='word_1_225' title='bbox 677 1956 992 2024; x_wconf 72' lang='lat' dir='ltr'>perueniretsed</span> <span class='ocrx_word' id='word_1_226' title='bbox 1007 1957 1097 2006; x_wconf 88' lang='lat' dir='ltr'>fine</span> <span class='ocrx_word' id='word_1_227' title='bbox 1108 1957 1197 2005; x_wconf 92' lang='lat' dir='ltr'>hoc</span> <span class='ocrx_word' id='word_1_228' title='bbox 1210 1971 1351 2021; x_wconf 54' lang='lat' dir='ltr'>quoq</span> <span class='ocrx_word' id='word_1_229' title='bbox 1361 1959 1463 2004; x_wconf 89' lang='lat' dir='ltr'>oriri</span> <span class='ocrx_word' id='word_1_230' title='bbox 1475 1955 1775 2020; x_wconf 68' lang='lat' dir='ltr'>cosueuittatq3</span> <span class='ocrx_word' id='word_1_231' title='bbox 1788 1955 1964 2005; x_wconf 79' lang='lat' dir='ltr'>intetdt‘i</span> 
     </span>
    </p>
   </div>
   <div class='ocr_carea' id='block_1_10' title="bbox 675 2019 2023 2536">
    <p class='ocr_par' dir='ltr' id='par_1_10' title="bbox 675 2019 2023 2536">
     <span class='ocr_line' id='line_1_36' title="bbox 675 2019 1960 2087; baseline -0.002 -16"><span class='ocrx_word' id='word_1_232' title='bbox 675 2024 920 2087; x_wconf 86' lang='lat' dir='ltr'>periculum</span> <span class='ocrx_word' id='word_1_233' title='bbox 945 2026 1088 2070; x_wconf 86' lang='lat' dir='ltr'>maius</span> <span class='ocrx_word' id='word_1_234' title='bbox 1100 2019 1230 2069; x_wconf 83' lang='lat' dir='ltr'>affert</span> <span class='ocrx_word' id='word_1_235' title='bbox 1242 2025 1348 2084; x_wconf 79' lang='lat' dir='ltr'>utiq3</span> <span class='ocrx_word' id='word_1_236' title='bbox 1362 2019 1393 2068; x_wconf 90' lang='lat' dir='ltr'>si</span> <span class='ocrx_word' id='word_1_237' title='bbox 1406 2023 1515 2068; x_wconf 87' lang='lat' dir='ltr'>circa</span> <span class='ocrx_word' id='word_1_238' title='bbox 1540 2022 1726 2067; x_wconf 87' lang='lat' dir='ltr'>ceruices</span> <span class='ocrx_word' id='word_1_239' title='bbox 1736 2031 1813 2067; x_wconf 88' lang='lat' dir='ltr'>aut</span> <span class='ocrx_word' id='word_1_240' title='bbox 1824 2031 1960 2084; x_wconf 78' lang='lat' dir='ltr'>caput</span> 
     </span>
     <span class='ocr_line' id='line_1_37' title="bbox 677 2082 2023 2149; baseline -0.006 -13"><span class='ocrx_word' id='word_1_241' title='bbox 677 2086 867 2137; x_wconf 81' lang='lat' dir='ltr'>constitit</span> <span class='ocrx_word' id='word_1_242' title='bbox 879 2104 890 2135; x_wconf 77' lang='grc' dir='ltr'><em>τ</em></span> <span class='ocrx_word' id='word_1_243' title='bbox 903 2088 1017 2135; x_wconf 89' lang='lat' dir='ltr'>Non</span> <span class='ocrx_word' id='word_1_244' title='bbox 1033 2085 1227 2133; x_wconf 90' lang='lat' dir='ltr'>multum</span> <span class='ocrx_word' id='word_1_245' title='bbox 1253 2086 1348 2149; x_wconf 80' lang='lat' dir='ltr'>post</span> <span class='ocrx_word' id='word_1_246' title='bbox 1361 2085 1458 2132; x_wconf 81' lang='lat' dir='ltr'>haec</span> <span class='ocrx_word' id='word_1_247' title='bbox 1471 2083 1565 2132; x_wconf 90' lang='lat' dir='ltr'>duo</span> <span class='ocrx_word' id='word_1_248' title='bbox 1588 2097 1748 2148; x_wconf 85' lang='lat' dir='ltr'>genera</span> <span class='ocrx_word' id='word_1_249' title='bbox 1773 2087 1887 2147; x_wconf 87' lang='lat' dir='ltr'>ignis</span> <span class='ocrx_word' id='word_1_250' title='bbox 1899 2082 1960 2134; x_wconf 73' lang='lat' dir='ltr'>sar</span> <span class='ocrx_word' id='word_1_251' title='bbox 2018 2124 2023 2128; x_wconf 82' lang='grc'><em>.</em></span> 
     </span>
     <span class='ocr_line' id='line_1_38' title="bbox 677 2146 1964 2214; baseline -0.006 -14"><span class='ocrx_word' id='word_1_252' title='bbox 677 2156 737 2200; x_wconf 86' lang='lat' dir='ltr'>eri</span> <span class='ocrx_word' id='word_1_253' title='bbox 746 2156 878 2214; x_wconf 83' lang='lat' dir='ltr'>ponit</span> <span class='ocrx_word' id='word_1_254' title='bbox 889 2151 1014 2212; x_wconf 60' lang='lat' dir='ltr'>altere</span> <span class='ocrx_word' id='word_1_255' title='bbox 1026 2152 1070 2198; x_wconf 81' lang='lat' dir='ltr'>iii</span> <span class='ocrx_word' id='word_1_256' title='bbox 1082 2147 1309 2198; x_wconf 77' lang='lat' dir='ltr'>altitudine</span> <span class='ocrx_word' id='word_1_257' title='bbox 1321 2146 1622 2210; x_wconf 79' lang='lat' dir='ltr'>exasperatum</span> <span class='ocrx_word' id='word_1_258' title='bbox 1635 2149 1814 2210; x_wconf 77' lang='lat' dir='ltr'>pustulis</span> <span class='ocrx_word' id='word_1_259' title='bbox 1826 2152 1964 2198; x_wconf 70' lang='lat' dir='ltr'>contio</span> 
     </span>
     <span class='ocr_line' id='line_1_39' title="bbox 675 2213 1966 2280; baseline -0.003 -15"><span class='ocrx_word' id='word_1_260' title='bbox 675 2213 1966 2280; x_wconf 69' lang='lat' dir='ltr'>nuistaequalibusrexiguistipestorerlateribusteminentibus</span> 
     </span>
     <span class='ocr_line' id='line_1_40' title="bbox 677 2272 1961 2344; baseline -0.002 -15"><span class='ocrx_word' id='word_1_261' title='bbox 677 2284 880 2344; x_wconf 84' lang='lat' dir='ltr'>partibus</span> <span class='ocrx_word' id='word_1_262' title='bbox 891 2283 1154 2343; x_wconf 83' lang='lat' dir='ltr'>ptaecipueq3</span> <span class='ocrx_word' id='word_1_263' title='bbox 1166 2277 1463 2340; x_wconf 64' lang='lat' dir='ltr'>plantiszalteye</span> <span class='ocrx_word' id='word_1_264' title='bbox 1477 2279 1520 2323; x_wconf 90' lang='lat' dir='ltr'>in</span> <span class='ocrx_word' id='word_1_265' title='bbox 1536 2272 1724 2325; x_wconf 84' lang='lat' dir='ltr'>summae</span> <span class='ocrx_word' id='word_1_266' title='bbox 1736 2279 1848 2325; x_wconf 84' lang='lat' dir='ltr'>cutis</span> <span class='ocrx_word' id='word_1_267' title='bbox 1860 2278 1961 2326; x_wconf 89' lang='lat' dir='ltr'>exul</span> 
     </span>
     <span class='ocr_line' id='line_1_41' title="bbox 678 2340 1961 2405; baseline -0.002 -13"><span class='ocrx_word' id='word_1_268' title='bbox 678 2349 898 2396; x_wconf 86' lang='lat' dir='ltr'>ceratione</span> <span class='ocrx_word' id='word_1_269' title='bbox 909 2344 1049 2393; x_wconf 87' lang='lat' dir='ltr'>latum</span> <span class='ocrx_word' id='word_1_270' title='bbox 1063 2341 1331 2391; x_wconf 87' lang='lat' dir='ltr'>subliuidum</span> <span class='ocrx_word' id='word_1_271' title='bbox 1346 2340 1748 2405; x_wconf 83' lang='lat' dir='ltr'>inaequale.Galeno</span> <span class='ocrx_word' id='word_1_272' title='bbox 1761 2352 1912 2390; x_wconf 91' lang='lat' dir='ltr'>autem</span> <span class='ocrx_word' id='word_1_273' title='bbox 1925 2344 1961 2391; x_wconf 89' lang='lat' dir='ltr'>is</span> 
     </span>
     <span class='ocr_line' id='line_1_42' title="bbox 679 2404 1962 2471; baseline -0.001 -16"><span class='ocrx_word' id='word_1_274' title='bbox 679 2418 833 2459; x_wconf 86' lang='lat' dir='ltr'>tumor</span> <span class='ocrx_word' id='word_1_275' title='bbox 845 2410 902 2457; x_wconf 80' lang='lat' dir='ltr'>est</span> <span class='ocrx_word' id='word_1_276' title='bbox 919 2411 1093 2471; x_wconf 86' lang='lat' dir='ltr'>proprie</span> <span class='ocrx_word' id='word_1_277' title='bbox 1104 2412 1181 2471; x_wconf 88' lang='lat' dir='ltr'>qui</span> <span class='ocrx_word' id='word_1_278' title='bbox 1194 2422 1247 2455; x_wconf 92' lang='lat' dir='ltr'>ex</span> <span class='ocrx_word' id='word_1_279' title='bbox 1259 2408 1379 2455; x_wconf 90' lang='lat' dir='ltr'>tenui</span> <span class='ocrx_word' id='word_1_280' title='bbox 1388 2404 1599 2469; x_wconf 88' lang='lat' dir='ltr'>sanguine</span> <span class='ocrx_word' id='word_1_281' title='bbox 1610 2408 1780 2452; x_wconf 85' lang='lat' dir='ltr'>interim</span> <span class='ocrx_word' id='word_1_282' title='bbox 1796 2408 1839 2454; x_wconf 80' lang='grc' dir='ltr'>δι</span> <span class='ocrx_word' id='word_1_283' title='bbox 1854 2419 1962 2454; x_wconf 87' lang='lat' dir='ltr'>cum</span> 
     </span>
     <span class='ocr_line' id='line_1_43' title="bbox 683 2468 1959 2536; baseline -0.001 -15"><span class='ocrx_word' id='word_1_284' title='bbox 683 2473 779 2522; x_wconf 85' lang='lat' dir='ltr'>bilis</span> <span class='ocrx_word' id='word_1_285' title='bbox 791 2486 914 2536; x_wconf 78' lang='lat' dir='ltr'>parte</span> <span class='ocrx_word' id='word_1_286' title='bbox 925 2469 1105 2524; x_wconf 84' lang='lat' dir='ltr'>incenso</span> <span class='ocrx_word' id='word_1_287' title='bbox 1117 2487 1169 2523; x_wconf 85' lang='lat' dir='ltr'>ac</span> <span class='ocrx_word' id='word_1_288' title='bbox 1182 2470 1208 2519; x_wconf 87' lang='lat' dir='ltr'>s</span> <span class='ocrx_word' id='word_1_289' title='bbox 1202 2482 1379 2521; x_wconf 89' lang='lat' dir='ltr'>eruente</span> <span class='ocrx_word' id='word_1_290' title='bbox 1391 2469 1591 2524; x_wconf 84' lang='lat' dir='ltr'>consistit:</span> <span class='ocrx_word' id='word_1_291' title='bbox 1604 2468 1959 2535; x_wconf 82' lang='lat' dir='ltr'>Etysieplatodes</span> 
     </span>
    </p>
   </div>
   <div class='ocr_carea' id='block_1_11' title="bbox 2137 16 2148 931">
    <p class='ocr_par' dir='ltr' id='par_1_11' title="bbox 2137 16 2148 931">
     <span class='ocr_line' id='line_1_44' title="bbox 2137 16 2148 931; baseline 0 0"><span class='ocrx_word' id='word_1_292' title='bbox 2137 16 2148 931; x_wconf 95' lang='lat' dir='ltr'> </span> 
     </span>
    </p>
   </div>
  </div>
 </body>
</html>
