2148 3068
584 116 1016 167 menori-iem
1369 133 1441 183 ης.

109 232 353 299 mediamcss
366 231 610 279 miueruam
622 244 634 277 τ
646 228 745 278 Fiflt
758 231 800 276 δι.
815 231 1001 277 armaria
1016 230 1060 275 in
1073 226 1283 276 cubiculis
1296 226 1442 283 culina

111 301 158 345 δι
170 296 496 344 coenarronibus
511 307 666 340 uerum
680 291 738 340 ad
750 292 859 340 alios
870 291 972 340 usus
987 303 1036 339 ut
1047 291 1362 345 uidemus.Sed
1375 306 1441 339 cal

112 375 169 408 ue
181 373 236 407 ne
248 359 334 406 fine
347 356 511 404 delectu
524 354 740 420 quoscficp
757 357 892 405 libros
904 368 1318 421 congregestonerat
1329 355 1444 403 disce

108 437 199 473 tem
215 424 339 468 turba
352 434 446 468 non
460 422 829 484 instruit2multoq3
841 420 971 468 satius
985 422 1040 467 est
1052 434 1101 467 ut
1115 423 1261 483 inquit
1273 421 1442 468 Seneca

111 487 259 550 paucis
271 496 313 531 te
326 488 557 532 autoribus
571 483 739 531 tradere
751 489 784 548 q
797 499 932 532 errare
943 499 1018 547 per
1030 483 1197 534 multos
1210 499 1221 533 ε
1242 498 1349 532 caue
1360 484 1443 530 etia

108 553 191 611 (qu
201 547 265 596 od
277 550 401 610 peius
416 545 535 611 esset)
548 560 603 594 ne
615 547 835 598 sacrorum
851 562 985 612 opera
1001 552 1282 612 ingeniorum
1295 552 1339 595 in
1354 547 1444 609 sper

115 615 230 658 ciem
255 614 301 658 δι
323 612 493 659 cultum
508 616 725 675 parietum
742 625 1056 676 comparentur
1069 625 1079 659 e
1091 609 1444 660 Alexandriae.xl.

110 674 231 721 milia
247 675 461 724 librorum
472 675 818 739 pulcherrimum
834 681 964 740 regiae
976 677 1214 740 opulentiae
1226 675 1445 726 monim&

113 744 210 785 tu'm
227 736 317 784 flue
329 746 479 801 potius
493 738 690 790 studiosae
705 741 886 789 luxuriae
899 740 1192 803 spectaculum
1208 739 1415 788 arserunt.

156 816 212 842 r-
264 851 352 868 s
388 805 474 852 Ibri
487 803 595 854 olim
612 819 664 852 ex
679 819 850 869 papyro
863 818 983 852 nunc
994 820 1017 851 e
1030 806 1194 855 charta:
1208 803 1447 868 praeferuns

331 870 356 899 »Γ
387 879 455 916 tur
469 881 518 916 ut
530 873 688 930 optimi
704 884 756 916 ex
771 872 1068 917 membranis:
1083 871 1220 933 Apud
1233 871 1447 930 antiquos

164 943 187 975 ,·
252 939 267 972 ἴ
343 936 356 990 ’ζ
370 940 373 944 ⁴
386 936 498 979 binis
510 933 728 980 umbilicis
740 932 1083 983 decorabantur:
1100 936 1308 998 Papinius
1320 946 1444 995 quart

154 1051 248 1059 a„
352 1050 373 1057 Ν
388 1009 437 1044 to
450 997 691 1047 Siluarum.

115 1065 200 1112 No
207 1062 283 1110 ster
295 1075 543 1126 purpureus
557 1061 745 1125 nouusq3
760 1061 926 1109 charta.

112 1128 170 1174 Et
186 1129 300 1174 binis
313 1125 546 1176 decoratus
559 1127 791 1175 umbilicis:

103 1188 349 1240 'Martialis-

113 1255 172 1300 Et
186 1254 353 1303 frontes
365 1254 554 1317 gemino
572 1253 733 1300 decens
748 1251 937 1300 bonore:

112 1318 240 1366 Pieris
256 1319 476 1365 luxurieris
489 1317 957 1377 umbilicis:Porphirio
972 1315 1320 1380 Hora.interpres
1336 1317 1447 1364 Vm!

112 1383 225 1428 bilici
238 1385 381 1445 inquit
393 1384 436 1426 in
451 1379 541 1427 sine
552 1381 648 1429 libri
662 1395 713 1426 ex
728 1376 817 1429 osse
826 1390 902 1426 aut
914 1381 1035 1443 ligno
1050 1379 1188 1428 solent
1200 1384 1311 1443 poni
1325 1381 1446 1429 unde

109 1445 173 1493 ad
187 1447 448 1493 umbilicum
461 1443 677 1492 adducere
689 1445 743 1491 est
756 1443 879 1490 finire
891 1458 901 1490 ε
915 1442 1035 1505 apud
1050 1457 1135 1492 nos
1153 1447 1264 1492 binis
1278 1446 1445 1493 tabellis

1502 234 1705 284 Armaria

1504 547 1650 600 Foruli

1507 1319 1717 1368 Vmbilici

116 1510 324 1557 constricti
336 1506 496 1556 additis
510 1508 658 1556 fibulis
683 1512 804 1555 corio
819 1508 1055 1554 uestiuurut
1081 1521 1169 1555 arte
1180 1506 1370 1571 speciosa
1384 1515 1443 1556 int
1523 1522 1525 1524 ·

107 1572 416 1636 sculptot'l'alis
427 1583 612 1620 ornatus
624 1570 750 1634 supra
763 1581 978 1619 trecentos
990 1569 1212 1634 sexaginta
1226 1573 1443 1620 humana»

113 1650 215 1684 rum
229 1637 468 1684 litterarum
479 1638 523 1682 in
538 1634 813 1683 Bibliotheca
825 1633 899 1681 sua
912 1632 1058 1696 posuit
1072 1638 1287 1699 Georgius
1298 1635 1444 1683 Anselae

118 1714 223 1746 mus
233 1713 262 1746 n
271 1712 378 1759 epos
393 1704 625 1747 :omnium
641 1699 808 1747 horarfi
820 1701 988 1745 amicus
1001 1695 1269 1746 oculissimus
1291 1700 1445 1749 Immo

112 1762 234 1810 idem
251 1761 482 1810 Marius-in
497 1776 593 1826 quo
607 1765 834 1825 ingenium
849 1775 952 1808 cum
966 1759 1375 1812 dostrinardoctrina
1389 1764 1444 1811 cst

122 1830 304 1891 ingenio
316 1827 371 1875 de
395 1830 640 1889 principatu
665 1823 969 1873 contendunt.
985 1825 1099 1873 Libri
1113 1838 1264 1873 autem
1277 1824 1354 1889 ipsi
1367 1830 1447 1890 qui

119 1893 162 1938 δε
175 1889 350 1938 codices
364 1889 484 1937 unde
497 1890 680 1939 codicilli
694 1887 795 1935 inde
808 1902 977 1936 nomen
1001 1903 1273 1952 acceperunt.
1286 1905 1329 1952 q>
1345 1904 1448 1937 aute

118 1952 248 2002 ufiim
262 1954 425 2001 chartae
438 1958 680 2017 papiraceae
693 1951 748 1999 de
759 1955 831 2000 libi
841 1956 875 1998 is
889 1955 1101 2000 arborum
1127 1954 1358 2001 uolumina
1374 1954 1432 2001 fre

120 2020 319 2066 binnam
332 2018 437 2065 liber
450 2021 620 2066 arboris
635 2017 689 2064 est
703 2028 850 2065 cortex
864 2018 1370 2083 interior:Vergil.Vdoc3
1385 2018 1448 2067 do

123 2095 221 2129 cent
234 2080 464 2129 inolescere
485 2080 597 2130 libro
613 2095 622 2128 :
639 2083 688 2127 In
703 2081 823 2128 libris
836 2083 1008 2144 paginae
1024 2081 1120 2128 sunt
1133 2082 1255 2130 diflae
1266 2096 1309 2144 cp
1322 2084 1448 2130 suam

122 2160 267 2209 quaeq3
281 2147 488 2193 obtinent
500 2149 726 2210 regionem
741 2156 791 2191 ut
816 2145 1008 2207 Pagiruel
1023 2160 1047 2192 a
1061 2145 1306 2209 pangendo
1319 2165 1331 2195 ε
1343 2161 1388 2209 q>
1403 2151 1449 2192 in

114 2210 200 2256 illis
211 2207 360 2257 uersus
370 2222 627 2272 panguntur
639 2207 742 2257 idest
756 2209 954 2273 figuntur
964 2222 1117 2256 autore
1130 2211 1448 2272 Pompeio.Plit

122 2275 222 2318 nius
242 2273 427 2320 Cecilius
452 2275 553 2338 Ego
566 2287 660 2323 non
681 2275 871 2336 Paginas
882 2283 1057 2320 tantum
1071 2271 1143 2320 sed
1156 2277 1288 2321 etiam
1303 2272 1450 2322 uersus

124 2334 347 2401 syllabascg
357 2339 797 2386 numerabo.Harum
812 2340 1130 2385 extremitate-m
1147 2339 1393 2401 marginem
1406 2337 1449 2386 lit

125 2412 193 2446 cet
205 2398 262 2446 ad
275 2401 354 2447 alia
364 2399 518 2449 traseat
529 2399 808 2451 dixeretunde
818 2403 1049 2464 emargino
1061 2407 1352 2450 extremitates
1365 2404 1451 2451 reci

126 2461 190 2512 do
203 2476 215 2511 t
229 2465 267 2511 Α
293 2464 406 2515 libro
418 2468 520 2514 aute
529 2466 586 2514 est
598 2481 674 2529 per
684 2465 980 2516 diminutione
991 2465 1157 2515 libellus
1169 2480 1332 2530 paruus
1345 2468 1452 2517 liber

1183 2543 1213 2591 p
1246 2534 1288 2577 iii

1507 1634 1724 1700 Georgius
1749 1639 1839 1686 Anu

1538 1695 1700 1748 selmus

1509 1763 1674 1827 Nepos

1507 1825 1625 1875 Libri

1506 1889 1702 1940 Codices

1509 1958 1637 2004 Liber

1511 2243 1693 2336 Paginae

1515 2398 1686 2465 Margo

1512 2466 1707 2515 libellus
