2148 3068
445 133 923 195 CONEACVLVM.
970 188 972 191 v
1030 159 1035 181 ³
1305 131 1394 194 75⁴

66 272 175 309 nam
199 257 412 309 fiocatum
426 266 521 304 non
533 249 729 301 multum
751 243 905 297 bibisse
919 248 1026 312 quia
1038 244 1241 311 postridie
1260 258 1396 310 negot

68 330 188 371 cium
204 324 396 370 habebat
411 327 592 365 :monet
616 313 744 363 Plato
758 315 933 362 intertio
960 312 1015 359 de
1027 326 1072 358 re
1085 311 1284 374 publica:
1296 326 1322 358 a
1336 315 1399 358 uit

65 393 113 435 ni
125 386 376 434 temulentia
402 382 609 428 abstinere
633 378 792 426 debere
815 380 1042 424 ciuitatum
1056 378 1399 440 gubernatores:

68 464 126 498 ne
136 446 310 497 custode
331 446 472 492 custos
487 441 701 507 indigeat:
715 443 935 504 Sapientis
948 444 1030 489 uiri
1055 444 1181 502 super
1192 438 1395 488 mensam

63 515 228 563 celebre
238 508 496 561 dic‘tuniest:
509 510 655 555 Prima
669 517 830 560 cratera
840 509 1025 569 pertinet
1034 504 1092 553 ad
1104 506 1215 552 sitim
1230 516 1241 550 ε
1254 501 1398 551 Γεαιιυ

65 575 126 628 da
138 574 194 627 ad
205 574 481 627 hilaritatemt
495 575 617 619 tertia
628 568 685 619 ad
700 570 992 633 uoluptatem:
1006 580 1163 634 quarta
1175 566 1234 615 ad
1246 566 1399 616 insanit

65 653 153 686 am:
169 631 634 692 hinc2ebrietatemveffe
648 635 805 685 furoris
818 632 1115 683 uoluntariam
1130 630 1317 695 speciem
1330 633 1400 680 Ca

63 701 246 751 toniana
258 700 466 755 sententia
480 698 702 753 diffiniuit:
714 712 821 746 nam
832 711 908 761 per
919 711 1020 747 eam
1038 701 1080 746 δέ
1095 695 1217 744 sensu
1233 700 1275 745 &
1292 709 1399 745 men

66 777 108 814 te
123 765 392 819 excedimus:
403 776 453 812 ut
464 765 520 812 est
530 763 651 828 apud
676 761 952 822 Dionysium
963 762 1283 824 areopagitam:
1295 761 1398 809 festir

67 833 179 879 uitet
192 829 300 877 dixit
312 831 506 878 Plautus:
518 829 691 875 Vinum
705 829 888 877 lucrator
900 826 955 873 el't
968 826 1169 876 dolosus:
1185 824 1320 888 pedes
1335 836 1400 873 cat

64 906 162 958 prat
173 896 503 958 priniumtsatis
517 903 679 940 notum
695 893 750 939 est
763 890 1063 939 Archesilaum
1077 887 1402 953 philosophum

67 973 173 1006 cum
198 961 357 1005 uinum
379 956 622 1005 immodice
645 951 845 1005 hausisset
867 953 1036 1004 obiiffet
1059 956 1197 1003 aetatis
1212 967 1335 1005 anno
1346 954 1404 1003 set

68 1021 352 1086 ptuagesimo
363 1026 542 1085 quinto:
555 1025 660 1083 quia
674 1024 764 1068 uini
777 1023 905 1082 copia
918 1019 1161 1068 naturalem
1177 1017 1403 1086 uiuificriep

67 1089 277 1134 uirtutem
288 1085 505 1134 caliditate
516 1085 709 1134 suffocat
723 1102 732 1132 τ
748 1088 792 1131 in
804 1083 876 1132 his
888 1086 1105 1146 praecipue
1119 1086 1197 1144 qui
1225 1081 1403 1133 inlitum

68 1150 262 1197 calorem
278 1154 489 1213 exiguum
504 1162 592 1215 atq3
606 1147 874 1197 imbecillum
888 1144 1211 1210 poffidentzsed
1227 1148 1405 1198 incredit

70 1215 155 1261 bile
168 1213 295 1276 quod
311 1212 501 1276 sequitur
514 1217 572 1261 ab
588 1213 811 1262 Aristotele
834 1223 987 1259 tamen
1002 1211 1187 1260 historiae
1210 1211 1406 1260 animalia

70 1292 151 1324 um
162 1276 284 1327 sexto
307 1278 541 1325 traditum:
556 1276 763 1325 Siracufis
787 1286 967 1336 potator
987 1274 1175 1338 quidam
1202 1280 1407 1340 egregius

63 1344 163 1390 ouis
179 1342 258 1390 sub
269 1342 414 1391 Storia
425 1339 573 1402 positis
587 1346 750 1387 interra
763 1351 858 1386 tam
870 1337 945 1385 diu
959 1340 1144 1401 potabat
1158 1338 1303 1388 donec
1314 1355 1408 1390 oua

72 1405 250 1452 ederent
265 1406 427 1452 foeruni
448 1406 592 1452 :Cum
605 1416 755 1452 autem
771 1416 933 1466 purum
949 1407 992 1448 in
1004 1406 1145 1451 coenis
1157 1407 1316 1452 uinum
1331 1404 1406 1452 dat

72 1470 202 1517 batur
214 1483 375 1517 omnes
388 1468 524 1515 deum
550 1468 755 1532 sospitem
780 1469 970 1529 optabat
983 1468 1149 1514 bibenti
1163 1482 1174 1516 ε
1188 1482 1293 1515 cum
1307 1471 1406 1532 post

73 1547 252 1582 coenam
267 1533 456 1580 dilutum
471 1532 515 1579 id
527 1534 583 1579 est
595 1547 713 1596 aqua
726 1536 931 1582 mixtunit
945 1529 1074 1594 quod
1086 1531 1317 1593 Staphilus
1331 1533 1405 1591 sev

70 1602 159 1644 teni
174 1598 289 1645 filius
302 1602 470 1660 primns
483 1599 657 1643 instituit
672 1596 916 1648 sumebant:
929 1597 1086 1643 Iouem
1102 1609 1321 1644 uocarunt
1331 1597 1408 1646 sale

71 1673 297 1711 uatorem:
314 1676 419 1709 nam
435 1663 525 1707 uini
537 1663 633 1724 puri
647 1672 658 1708 ε
672 1660 800 1723 quod
813 1673 988 1706 merum
1001 1659 1056 1706 est
1069 1676 1082 1709 t
1096 1670 1232 1721 potus
1243 1660 1302 1709 ad
1315 1660 1406 1710 insa

69 1727 193 1771 niam
205 1725 362 1788 redigit
375 1743 384 1774 ε
399 1739 517 1787 aqua
540 1727 654 1772 iouis
668 1736 833 1771 mixtus
856 1725 1136 1784 uoiuptatem
1158 1722 1406 1790 laericiamq

63 1785 202 1839 affert
217 1793 259 1836 δε
272 1790 480 1850 prohibet
490 1787 702 1836 insaniam
718 1798 766 1834 ut
779 1799 908 1836 autor
919 1788 974 1834 est
989 1786 1225 1834 Diodorus
1238 1791 1281 1835 iii
1295 1794 1409 1852 quin

71 1863 123 1900 to
137 1850 656 1901 Bibiliothece5.Meracis
670 1850 854 1915 quidem
869 1856 931 1897 uti
945 1852 1205 1913 potionibus
1215 1866 1295 1915 aper
1309 1857 1410 1917 uige

74 1915 189 1964 simii
201 1916 320 1964 diem
335 1929 436 1964 ante
447 1922 567 1964 canis
581 1928 733 1963 ortum
748 1915 935 1963 totidem
950 1914 1095 1974 postea
1120 1911 1244 1962 sudet
1258 1916 1412 1965 Hesio*

67 1979 345 2029 duszVinum
361 1977 504 2043 ipsum
520 1983 646 2043 graeci
657 1980 827 2027 Oenon
842 1979 1063 2042 appellant
1076 1977 1178 2025 inde
1188 1981 1408 2043 oenopho

74 2059 177 2092 tum
193 2045 254 2092 Vt
268 2045 509 2093 Gasterium
526 2044 595 2091 uel
607 2045 742 2106 gaster
754 2046 796 2091 8<
813 2045 1024 2090 Baucalii‘i
1036 2057 1045 2089 τ
1059 2056 1111 2090 ex
1126 2044 1407 2112 argillaligno

69 2108 201 2157 flauo
225 2109 294 2156 uel
308 2120 494 2173 argento
519 2106 744 2155 uasculum
761 2107 820 2155 ad
847 2106 1025 2154 ferenda
1039 2108 1143 2153 uina
1167 2106 1408 2159 idoneum:

66 2173 290 2235 ¹Apuleius
305 2172 668 2235 metamorpli.vii
681 2210 692 2221 .
704 2172 995 2233 Oenophoto
1007 2170 1134 2233 quod
1147 2175 1405 2221 immixtum

71 2241 185 2288 uino
198 2239 375 2299 gerebat
389 2241 676 2285 uenenume&
690 2238 914 2299 oenopola
931 2234 1135 2282 uenditor
1150 2240 1330 2302 uinisqui
1343 2236 1405 2286 sot

74 2300 132 2348 let
157 2300 491 2351 Aduentoribns
512 2300 596 2348 suis
611 2306 818 2348 meratius
843 2304 998 2346 uinum
1016 2300 1219 2348 exhibere
1232 2319 1243 2350 :
1256 2317 1306 2350 ac
1317 2301 1408 2348 Oet

79 2364 317 2426 nopolium
339 2366 520 2424 taberna
531 2369 695 2413 uinaria
708 2383 719 2414 ε
734 2376 886 2429 praeter
909 2377 1073 2426 panem
1089 2366 1132 2410 δέ
1145 2368 1301 2413 uinum
1325 2380 1407 2414 caet

76 2439 165 2476 tera
180 2439 228 2474 nt
239 2428 395 2475 edendi
411 2433 677 2478 irritamenta
693 2427 903 2493 quaedam
918 2439 1096 2490 reperta:
1110 2433 1173 2476 116
1187 2444 1263 2493 per
1276 2429 1405 2479 usum

76 2494 179 2540 uitae
206 2487 508 2544 neceffatium:
524 2492 595 2542 sed
607 2509 682 2560 per
704 2496 862 2542 luxum
887 2496 1022 2540 animi
1048 2504 1197 2558 parata
1217 2492 1410 2606 ¹obsonia

1285 2573 1339 2607 iiii

1465 509 1652 561 Diflum
1670 507 1772 556 celet

1465 579 1545 625 bre

1464 641 1666 690 Ebrietas

1467 891 1728 943 Incredibile

1468 961 1631 1011 Diluti‘i
1642 956 1754 1007 uinfi

1474 1666 1660 1720 Merum

1474 1990 1658 2041 Oenon

1472 2057 1720 2103 Gaflerium

1474 2120 1622 2167 Gaster

1473 2184 1738 2231 Baucali‘um

1473 2247 1729 2312 Onophoy:

1473 2311 1720 2374 Oneopola

1472 2375 1794 2439 Oenopohum

1474 2439 1759 2494 Aduentores
