2148 3068
553 122 915 179 PENARIVM.
1403 141 1467 197 ¹9·

372 372 502 430 {baria
515 368 662 414 utilior
686 367 884 428 quisquis
903 364 1027 411 facile
1037 363 1230 428 liquescit
1245 369 1288 412 &
1315 364 1458 411 humi›

383 430 547 479 midior
561 443 610 477 ut
624 442 731 493 pote
742 435 822 492 qui
839 433 1062 476 minorem
1076 429 1370 477 amaritudine
1382 429 1459 476 ha‘

123 498 224 552 bere
235 493 419 549 ereditur
430 511 445 542 ε
456 493 696 542 Seruandis
709 495 912 540 carnibus
926 495 1069 554 aptior
1078 506 1174 540 acer
1189 497 1231 540 &
1246 492 1462 541 ficcnszuir

122 578 168 614 ta
191 578 344 626 namq3
366 561 610 607 humanior
632 554 721 604 sine
734 555 818 605 sale
839 562 993 619 nequit
1019 556 1199 621 degere:
1211 558 1372 622 adeoffl
1386 571 1461 604 ner

121 625 343 676 cessarium
356 625 412 672 cst
423 621 692 669 elementum
708 633 757 668 ut
777 619 983 668 transierit
1003 620 1239 668 intelledus
1253 620 1311 670 ad
1335 623 1453 670 uolu-

120 691 445 756 ptatemranimi
457 701 598 749 quocg
608 683 744 732 samia
758 696 807 732 ut
818 687 961 748 inquit
975 684 1140 732 Plinius
1154 685 1259 733 sales
1271 685 1460 750 apellant

124 751 400 817 tur:omnisq3
414 755 517 798 uita:
528 750 652 812 lepos
665 751 709 796 &
724 746 900 795 summa
914 749 1105 796 hilaritas
1117 749 1308 816 laborem
1321 753 1458 813 requit

123 833 170 866 es
181 830 275 867 non
291 816 379 865 alio
390 817 533 878 magis
545 811 772 863 uocabulo
785 811 1113 874 constatrQuid
1127 813 1153 861 Γι
1168 811 1304 862 samia
1318 816 1459 878 legent

123 880 237 928 dum
252 881 302 928 fit
313 891 363 927 ut
377 880 643 942 impluribus
655 877 883 925 codicibus
897 875 1087 924 habetur
1100 890 1194 926 non
1208 877 1370 928 solatia:
1381 892 1460 941 pet

121 960 226 1009 quae
239 944 426 992 uoluerit
435 945 641 990 acumina
654 939 891 1004 significare
905 953 915 987 :
927 941 1032 988 hinc
1042 941 1273 990 Terentius
1285 947 1384 1006 quis
1400 943 1461 991 ha

126 1010 202 1056 bet
215 1008 347 1056 salem
393 1007 487 1054 uod
499 1007 589 1052 inte
599 1005 654 1052 est
665 1022 679 1051 ε
691 1006 882 1052 samium
897 1019 1005 1052 uero
1017 1018 1101 1067 pro
1127 1019 1261 1055 acuto
1272 1000 1459 1069 posuisse

126 1083 293 1118 ueteres
302 1086 355 1119 ex
428 1068 566 1116 arcelli
578 1072 810 1116 autoritate
821 1067 919 1116 satis
933 1080 1097 1116 notum
1112 1070 1168 1116 est
1180 1089 1192 1121 ε
1205 1070 1296 1119 hoc
1308 1082 1461 1118 autem

126 1134 434 1182 aestimandum
447 1132 704 1196 reliquimus
718 1167 730 1179 .
745 1134 896 1179 Ancus
911 1137 1094 1179 martius
1110 1148 1182 1181 rex
1196 1132 1290 1182 salis
1304 1134 1462 1184 modia

123 1197 194 1245 sex
210 1199 327 1244 milia
339 1201 383 1243 in
395 1199 623 1260 congiario
637 1195 757 1242 dedit
769 1197 960 1259 populis:
975 1199 1016 1242 &
1032 1195 1185 1244 salinas
1197 1197 1214 1245 i
1225 1200 1390 1261 quibus
1401 1196 1460 1246 sal

124 1265 296 1323 primus
309 1260 643 1310 instituitzVatro
655 1263 789 1307 etiam
800 1265 893 1306 uice
906 1260 1185 1322 pulmentarii
1196 1261 1279 1310 sale
1291 1262 1393 1311 usos
1406 1275 1461 1308 ue

128 1337 238 1372 teres
250 1323 457 1386 scriptum
469 1323 653 1385 reliquit:
666 1338 691 1369 a
704 1338 803 1385 quo
814 1327 923 1370 inter
932 1336 1086 1371 caeteta
1100 1323 1270 1373 salitum
1286 1325 1461 1374 deduci·

130 1392 293 1438 mus:&
308 1386 572 1435 salsamentt‘i
585 1385 642 1437 ad
655 1385 784 1434 usum
796 1386 1092 1447 cibonande
1104 1387 1412 1437 salsamentarii
1426 1404 1462 1453 q

119 1453 206 1502 alio
220 1455 404 1500 nomine
416 1450 804 1499 salariituendentes
815 1448 1280 1515 salsamentarquorum
1292 1467 1463 1517 aquam

124 1520 317 1563 muriam
344 1514 531 1562 dicimus
544 1513 602 1562 ad
616 1511 747 1561 salem
763 1518 917 1561 iterum
932 1514 962 1561 si
974 1527 1191 1577 coquatur
1205 1517 1461 1566 redeuntem

127 1584 172 1627 δι
188 1579 558 1627 salsamentarium
570 1576 797 1624 uasculum
810 1580 877 1625 uel
891 1577 1114 1640 lapideum
1130 1582 1199 1629 uel
1212 1582 1419 1645 figlinum
1431 1580 1463 1630 si

128 1658 183 1691 ue
192 1645 316 1707 ligno
329 1654 518 1689 excauto
532 1638 710 1687 Monox
717 1642 841 1701 ylum
854 1645 898 1686 in
913 1656 1010 1703 quo
1022 1642 1375 1693 bammum-Salsa
1387 1646 1465 1694 osa

130 1711 343 1755 minuunt
353 1718 641 1768 corpustnam
653 1708 762 1750 inter
770 1705 1146 1765 Cacochylatidest
1159 1709 1261 1757 mali
1275 1707 1388 1756 succi
1399 1722 1465 1772 po

131 1782 302 1817 nuntur
316 1784 454 1831 quone
468 1770 685 1817 contraria
700 1767 901 1826 Euchyla
914 1767 1126 1817 dicentur.

140 1860 141 1863 =
295 1860 367 1912 Ἲς
396 1832 466 1879 Va
478 1830 678 1895 gallinayr·
691 1835 886 1878 maxime
898 1829 1066 1880 sorbilia
1080 1844 1226 1879 recens
1240 1845 1343 1882 nata
1357 1839 1467 1884 inter

128 1902 140 1950 ι
184 1894 321 2012 ast>
352 1916 354 1919 ·
395 1907 609 1959 ganeatos
624 1896 748 1942 cibos
761 1906 1063 1943 numerantur:
1074 1895 1356 1947 eustomacha
1367 1897 1468 1949 sunt

151 2008 161 2019 ,
183 1909 296 2034 ᾧ
397 1971 443 2005 ut
456 1955 598 2006 scribit
611 1957 906 2008 Dioscorides:
921 1958 1085 2006 Nullus
1098 1960 1154 2005 est
1167 1972 1278 2008 cette
1290 1961 1400 2011 alius
1414 1968 1464 2011 cir

152 2038 164 2049 ‘
184 2053 198 2063 ›-
289 2002 367 2061 *R
400 2026 480 2069 bus
492 2027 571 2086 qui
583 2025 627 2069 in
641 2022 896 2084 aegritudine
910 2026 1053 2087 magis
1066 2023 1166 2072 alai:
1179 2036 1277 2089 nqu
1289 2035 1464 2076 oneret:

125 2087 297 2150 simulffl
310 2098 446 2148 potus
459 2091 587 2134 usum
604 2088 647 2132 &
661 2088 745 2133 cibi
759 2087 1189 2136 habeat.Auicennas
1202 2103 1342 2155 quoq3
1355 2090 1467 2138 mula

130 2160 188 2197 tae
200 2150 423 2197 alimoniae
433 2148 515 2198 effe
529 2151 598 2198 illa
612 2145 980 2213 asseriuquoniam
995 2152 1237 2213 plurimum
1251 2154 1465 2203 substatiae

129 2211 263 2275 ipsoyz
275 2217 545 2263 conuertitur
560 2219 605 2262 in
619 2217 955 2263 nutrimentum:
969 2215 1145 2264 Prandii
1158 2215 1380 2267 dabantur
1390 2222 1467 2267 init

132 2281 196 2323 tio
206 2276 341 2324 ueluti
353 2291 474 2325 nunc
487 2291 611 2327 recen
618 2292 643 2324 s·
651 2289 755 2326 nata
770 2278 954 2328 sorbilia:
969 2280 1182 2327 Horatius
1195 2281 1254 2328 ab
1263 2296 1360 2332 ouo
1371 2282 1464 2348 οἷς

134 2339 194 2386 ad
206 2340 323 2389 mala
336 2345 484 2390 citaret
496 2344 548 2393 Io
561 2342 753 2390 Bacche:
766 2343 890 2406 apud
901 2357 1040 2407 quem
1052 2344 1216 2401 Catius
1229 2343 1366 2410 longa
1377 2360 1464 2395 met

132 2404 239 2450 liora
251 2405 452 2454 rotundis
463 2405 820 2469 existimanipsius
833 2407 932 2454 haec
943 2408 1077 2455 uerba
1090 2407 1360 2473 sunus-onga
1372 2416 1468 2475 quit

135 2468 222 2515 bus
236 2466 365 2516 facies
377 2472 454 2518 erit
463 2475 564 2524 ouis
575 2471 641 2521 illa
653 2472 853 2522 memeto
867 2484 915 2519 ut
926 2469 1039 2519 succi
1051 2472 1240 2526 melioris
1256 2477 1299 2522 &
1316 2486 1365 2522 ut
1378 2489 1471 2527 ma}

1259 2553 1283 2586 c
1325 2543 1366 2588 iii

361 267 370 295 ,>
383 242 439 290 Al
463 242 617 290 omnis
627 250 706 287 aut
721 237 772 287 sit
789 239 959 285 marina
982 249 1100 298 aqua
1115 235 1184 283 uel
1197 247 1391 299 puteana
1404 238 1463 285 sta

135 265 634 495 &gnorumue
657 313 735 350 aut
757 301 1048 365 gigniturzad
1075 300 1317 349 obsonium
1333 304 1379 348 &
1406 304 1462 348 cir

1523 558 1647 608 Sales

1525 815 1738 864 Samium

1526 1067 1675 1117 Saline
1696 1069 1849 1133 primo

1524 1260 1688 1308 Salitus

1525 1324 1823 1372 Salsametum
1897 1334 1905 1343 ·

1525 1387 1852 1436 Salsamentarii

1525 1454 1680 1501 Salatii

1530 1513 1682 1564 Mutia

1530 1578 1846 1640 Mouoxylum

1527 1644 1787 1704 Cacochyla

1528 1708 1732 1770 Euchyla

1528 2349 1638 2400 Oua
1655 2347 1839 2402 meliora
