2148 3068
517 121 962 175 .=·cvssichvM.
1311 139 1411 187 107.

80 237 184 287 luca
196 234 446 288 Cicindellae
455 245 625 286 nomen
638 233 799 298 adepta
820 237 865 284 ετ
878 236 1013 284 unico
1023 233 1247 299 ellychnio
1260 238 1407 286 contet

80 303 198 353 razna
212 304 431 351 habemus
443 302 488 345 i‘n
505 297 757 363 supellectile
771 302 815 347 δέ
841 300 1082 361 Dimyxon
1098 304 1142 348 ἃ·
1152 301 1406 362 Trimyxon

79 368 126 413 δι
139 367 403 429 polimyxon
415 378 440 412 a
454 361 636 412 duobus
651 364 790 411 tribus
805 362 1042 428 pluribuscg
1053 364 1225 429 angulis
1238 369 1281 414 δι
1296 369 1406 412 nari!

80 430 166 477 bus
179 443 232 476 ex
240 441 388 492 graeco
396 429 552 476 omnia
566 426 818 489 pendentia:
832 430 887 475 εὖ
901 426 1056 476 fierent
1065 429 1176 478 olim
1188 443 1242 477 ex
1255 429 1405 493 argilla

71 506 106 542 ‚a
118 490 263 555 figulis
275 491 388 539 testae
397 489 746 554 appellarae.hinc
753 503 909 553 poeta:
924 491 1023 540 testa
1037 507 1141 540 cum
1155 491 1405 542 ardente'uir

76 554 228 607 decent
239 550 462 602 scintillare
472 553 625 603 oleum
642 558 688 603 &
699 567 849 618 putres
862 556 1133 606 concrescere
1144 556 1329 621 fungos.

190 659 192 662 .
204 652 229 680 4
347 617 622 682 orologium
636 619 692 666 est
703 633 802 682 quo
814 618 905 667 dies
919 621 1043 669 horis
1055 619 1404 684 diuidi‘itunquat

158 673 271 737 ’ἔβα
314 682 323 718 ἶ
349 683 400 730 ri‘i
412 695 583 732 nomen
597 695 692 732 non
705 686 854 730 minus
865 685 1407 748 annos.ecc.Romae-igno

166 758 216 807 ᾳ»
232 765 266 784 v
310 782 316 789 2
347 757 493 795 ratum
506 744 589 795 effie
600 746 803 795 credibile
816 748 893 797 este
906 761 1014 795 nam
1028 747 1268 798 duodecim
1283 751 1407 797 tabuae

166 792 265 851 ''³OE
347 811 394 857 lis
407 809 630 873 nusquam
644 814 899 860 nominatas
910 815 1169 861 inuenieszut
1183 816 1226 859 in
1239 813 1330 860 aliis
1343 825 1409 876 po

71 876 158 923 stea
171 877 364 940 legimus
377 876 420 922 δι
433 873 619 938 quidem
633 885 736 923 ante
747 874 978 924 meridiem
989 890 1045 926 eo
1056 875 1256 924 uidelicet
1266 889 1406 987 qaespar

72 948 140 986 tes
151 939 235 987 diei
251 936 455 988 bifariam
472 950 569 987 tum
584 936 708 986 diuisi
727 938 930 987 meridies
942 942 1001 989 ab
1013 951 1116 989 ortu
1126 938 1184 988 ad
1194 955 1302 989 occa
1324 953 1406 987 um

71 1001 445 1052 discernebat.Alii
458 1000 528 1049 die
538 1000 860 1066 quadripartito
871 1004 1048 1052 nostem
1058 1001 1245 1052 similiter
1256 1001 1408 1053 diuide

75 1065 290 1132 banteidcss
303 1065 547 1116 similitudo
560 1067 733 1114 testatur
743 1068 1031 1116 militariszubi
1045 1066 1199 1116 dicitur
1209 1071 1353 1132 prima
1364 1066 1407 1115 se

75 1129 226 1179 cunda
239 1133 360 1178 tertia
375 1132 420 1177 δι
434 1142 591 1192 quatra
605 1129 896 1194 uigilia:autor
908 1130 1255 1185 celorinum-Sed
1268 1148 1294 1180 a
1308 1145 1406 1196 quo

75 1194 245 1243 Romae
261 1193 496 1258 horologia
508 1192 590 1242 sint
599 1196 779 1255 inuenta
793 1198 1007 1242 incertum
1017 1196 1179 1244 estzhoc
1191 1195 1290 1244 satis
1301 1208 1404 1245 cont

75 1258 156 1305 stat
170 1256 322 1306 solaria
336 1260 534 1319 primum
548 1274 570 1304 a
575 1257 821 1320 ppellatazqv
832 1273 885 1305 ex
898 1257 999 1307 solis
1011 1260 1207 1308 umbilici
1219 1264 1298 1323 qui
1309 1272 1406 1324 gno

75 1335 189 1370 mon
203 1320 344 1371 uocat?
358 1323 517 1368 umbra
529 1320 652 1369 horaz
665 1320 1022 1383 cognosceretne!
1037 1324 1178 1386 prim⁰
1189 1323 1313 1387 apud
1326 1328 1406 1371 [α’

76 1385 386 1435 cedaemonios
409 1386 710 1432 Anaximenes
737 1381 931 1433 Milesius
942 1391 1209 1450 excogitauit
1220 1402 1232 1435 e
1243 1387 1407 1452 dietum

74 1449 134 1495 est
145 1451 205 1496 ab
219 1450 377 1497 umbra
389 1446 655 1497 sciotericon.
668 1447 835 1496 Plinius
848 1453 905 1497 ita
915 1449 1084 1501 scribit:
1095 1455 1300 1516 princeps
1313 1452 1408 1502 Ro!

77 1516 224 1560 manis
248 1510 540 1576 horologium
565 1507 747 1560 statuiffe
760 1524 864 1560 ante
882 1512 1125 1565 duodecim
1140 1529 1287 1566 annos
1302 1520 1337 1579 q
1352 1516 1411 1564 εὖ

75 1577 252 1636 Pyrrho
267 1575 478 1625 bellatum
491 1575 548 1623 est
560 1575 618 1623 ad
633 1573 778 1624 aedem
792 1577 1036 1638 QiriniL.
1052 1580 1249 1642 Papirius
1262 1577 1410 1631 cursor

70 1654 180 1688 cum
195 1654 297 1688 eam
310 1640 527 1690 dedicaret
538 1654 562 1686 a
574 1650 697 1702 patre
709 1637 791 1690 suo
805 1642 970 1692 deuota
981 1658 1006 1690 a
1017 1643 1162 1692 Fabio
1171 1644 1314 1691 ueflali
1326 1656 1413 1705 pro

75 1701 282 1751 dirurtsed
295 1717 395 1768 necg
410 1704 507 1751 facti
522 1702 746 1767 horologii
760 1706 976 1754 rationein
988 1718 1070 1754 nec
1082 1706 1258 1753 artificis
1271 1707 1414 1756 nome.

73 1770 374 1828 exprimit:nec
385 1767 505 1831 apud
520 1781 659 1830 quem
672 1766 695 1813 s
691 1771 877 1829 criptum
892 1771 1115 1817 inuenerit.
1122 1766 1306 1819 Marcus
1318 1770 1413 1819 Vat

77 1844 131 1879 ro
143 1834 340 1894 primum
356 1832 565 1878 statutum
592 1834 638 1877 in
654 1832 835 1892 publico
857 1828 1101 1880 secundum
1126 1835 1258 1882 rostra
1282 1835 1327 1880 in
1341 1848 1414 1882 coe

74 1894 504 1944 lumnatraditzbello
513 1898 680 1957 punico
695 1898 843 1956 primo
854 1910 880 1943 a
896 1892 1058 1945 Marco
1073 1896 1255 1947 Valerio
1271 1894 1415 1946 Melsa

76 1959 118 2007 la
131 1957 278 2006 cosule
289 1959 448 2007 Catina
463 1970 591 2020 capta
602 1961 646 2004 in
659 1957 1104 2022 Sicilia.deporratum
1119 1961 1222 2009 inde
1232 1961 1327 2025 post
1338 1975 1416 2010 ant

73 2035 160 2071 nos
172 2025 347 2085 triginta
360 2026 397 2087 q·
409 2022 464 2070 de
477 2024 707 2084 papiriano
719 2022 962 2086 horologio
986 2025 1170 2073 traditur
1180 2059 1193 2072 .
1209 2039 1333 2075 anno
1345 2039 1414 2074 uti

77 2087 146 2134 bis
159 2085 564 2150 quadrigentesimo
576 2082 899 2149 septuagesimo
911 2087 1195 2149 septimetiiec
1203 2102 1418 2151 congruet

71 2150 194 2197 ¹bant
204 2148 263 2198 ad
275 2150 409 2199 horas
420 2155 512 2199 eius
525 2149 662 2199 lineae:
676 2162 916 2214 patuerunt
929 2163 1079 2199 tamen
1093 2155 1129 2200 ei
1141 2156 1269 2200 annis
1281 2153 1417 2204 under

82 2225 278 2261 centum.
288 2212 434 2264 donec
447 2213 535 2277 Q.
549 2210 743 2262 Martius
759 2214 989 2278 Philippus
1002 2219 1080 2277 qui
1091 2216 1259 2266 cumL
1275 2218 1418 2268 Paulo

81 2275 165 2323 fuit
176 2275 326 2328 censor
337 2277 554 2344 diligeritis
566 2276 826 2328 ordinatum
839 2282 958 2326 iuxta
974 2279 1131 2343 posuit:
1144 2280 1232 2345 idq
1248 2295 1418 2330 munus

81 2342 193 2387 inter
204 2339 394 2392 censoria
406 2356 544 2408 opera
567 2338 801 2406 gratissime
825 2345 882 2390 est
896 2356 1127 2407 acceptum
1143 2350 1418 2394 :etiamnum

82 2415 235 2452 tamen
247 2406 404 2455 nubilo
415 2411 590 2456 incertae
608 2405 753 2456 fuetfit
766 2408 890 2456 horae
900 2405 994 2472 usrB
1010 2408 1069 2456 ad
1079 2411 1340 2472 proximum
1354 2410 1418 2458 lut

77 2468 338 2519 strumttunc
347 2470 500 2537 Scipio
511 2466 690 2521 Nassica
699 2470 868 2537 collega
881 2469 1034 2523 Lanati
1043 2476 1213 2537 primus
1225 2487 1346 2539 aqua
1355 2472 1421 2523 dit

1250 2541 1356 2588 oiii

1469 241 1699 294 Cicindela

1471 310 1688 358 Dimixos

1468 375 1713 434 ‘rrimyxoe

1468 438 1608 488 '1:ssae

1469 692 1608 741 Horae

1471 1134 1632 1198 vigilia
1653 1137 1802 1201 prima

1502 1198 1662 1250 sect‘tda
1675 1205 1799 1251 tertia

1497 1279 1659 1330 quarta

1471 1329 1646 1381 Solaria

1472 1395 1695 1445 Gnomon

1471 1461 1777 1511 Stiorheticon
