<?xml version="1.0" encoding="UTF-8"?>
<!DOCTYPE html PUBLIC "-//W3C//DTD XHTML 1.0 Transitional//EN"
    "http://www.w3.org/TR/xhtml1/DTD/xhtml1-transitional.dtd">
<html xmlns="http://www.w3.org/1999/xhtml" xml:lang="en" lang="en">
 <head>
  <title>
</title>
<meta http-equiv="Content-Type" content="text/html;charset=utf-8" />
  <meta name='ocr-system' content='tesseract 3.04.00' />
  <meta name='ocr-capabilities' content='ocr_page ocr_carea ocr_par ocr_line ocrx_word'/>
</head>
<body>
  <div class='ocr_page' id='page_1' title='image "./franciscimariigr00grap_0075.png"; bbox 0 0 2148 3068; ppageno 0'>
   <div class='ocr_carea' id='block_1_1' title="bbox 601 133 1459 190">
    <p class='ocr_par' dir='ltr' id='par_1_1' title="bbox 601 133 1459 190">
     <span class='ocr_line' id='line_1_1' title="bbox 601 133 1459 190; baseline -0.001 -1"><span class='ocrx_word' id='word_1_1' title='bbox 601 133 969 189; x_wconf 82' lang='lat' dir='ltr'><strong>PENARIVM·</strong></span> <span class='ocrx_word' id='word_1_2' title='bbox 1388 136 1459 190; x_wconf 85' lang='lat'>16.</span> 
     </span>
    </p>
   </div>
   <div class='ocr_carea' id='block_1_2' title="bbox 99 245 1456 2567">
    <p class='ocr_par' dir='ltr' id='par_1_2' title="bbox 99 245 1456 2567">
     <span class='ocr_line' id='line_1_2' title="bbox 119 245 1455 313; baseline -0.009 -6"><span class='ocrx_word' id='word_1_3' title='bbox 119 269 220 307; x_wconf 88' lang='lat' dir='ltr'>tum</span> <span class='ocrx_word' id='word_1_4' title='bbox 233 255 282 305; x_wconf 83' lang='lat' dir='ltr'>sit</span> <span class='ocrx_word' id='word_1_5' title='bbox 292 255 519 304; x_wconf 83' lang='lat' dir='ltr'>cerebrum</span> <span class='ocrx_word' id='word_1_6' title='bbox 532 250 894 313; x_wconf 79' lang='lat' dir='ltr'>musteliae:quem</span> <span class='ocrx_word' id='word_1_7' title='bbox 907 249 1042 297; x_wconf 88' lang='lat' dir='ltr'>etiam</span> <span class='ocrx_word' id='word_1_8' title='bbox 1058 262 1081 296; x_wconf 89' lang='lat' dir='ltr'>a</span> <span class='ocrx_word' id='word_1_9' title='bbox 1096 246 1303 297; x_wconf 88' lang='lat' dir='ltr'>musculis</span> <span class='ocrx_word' id='word_1_10' title='bbox 1317 262 1342 296; x_wconf 88' lang='lat' dir='ltr'>a</span> <span class='ocrx_word' id='word_1_11' title='bbox 1354 245 1455 298; x_wconf 66' lang='lat' dir='ltr'>sotir</span> 
     </span>
     <span class='ocr_line' id='line_1_3' title="bbox 119 312 1456 380; baseline -0.008 -10"><span class='ocrx_word' id='word_1_12' title='bbox 119 326 352 370; x_wconf 74' lang='lat' dir='ltr'>cibusznon</span> <span class='ocrx_word' id='word_1_13' title='bbox 365 317 518 380; x_wconf 85' lang='lat' dir='ltr'>attingi</span> <span class='ocrx_word' id='word_1_14' title='bbox 531 314 695 362; x_wconf 84' lang='lat' dir='ltr'>Plinius</span> <span class='ocrx_word' id='word_1_15' title='bbox 709 313 930 362; x_wconf 74' lang='lat' dir='ltr'>attestatur</span> <span class='ocrx_word' id='word_1_16' title='bbox 942 348 953 362; x_wconf 91' lang='lat'><strong>.</strong></span> <span class='ocrx_word' id='word_1_17' title='bbox 967 314 1252 362; x_wconf 66' lang='lat' dir='ltr'>Zoroastren]</span> <span class='ocrx_word' id='word_1_18' title='bbox 1264 312 1456 378; x_wconf 83' lang='lat' dir='ltr'>legimus</span> 
     </span>
     <span class='ocr_line' id='line_1_4' title="bbox 121 375 1454 437; baseline -0.01 0"><span class='ocrx_word' id='word_1_19' title='bbox 121 390 169 437; x_wconf 87' lang='lat' dir='ltr'>in</span> <span class='ocrx_word' id='word_1_20' title='bbox 182 385 354 434; x_wconf 86' lang='lat' dir='ltr'>desertis</span> <span class='ocrx_word' id='word_1_21' title='bbox 367 380 493 429; x_wconf 87' lang='lat' dir='ltr'>caseo</span> <span class='ocrx_word' id='word_1_22' title='bbox 505 375 653 426; x_wconf 86' lang='lat' dir='ltr'>uixisse</span> <span class='ocrx_word' id='word_1_23' title='bbox 665 380 948 427; x_wconf 71' lang='lat' dir='ltr'>anni5.xx.ita</span> <span class='ocrx_word' id='word_1_24' title='bbox 963 379 1006 424; x_wconf 74' lang='lat' dir='ltr'>re</span> <span class='ocrx_word' id='word_1_25' title='bbox 1041 390 1163 429; x_wconf 86' lang='lat' dir='ltr'>erato</span> <span class='ocrx_word' id='word_1_26' title='bbox 1176 391 1225 425; x_wconf 88' lang='lat' dir='ltr'>ut</span> <span class='ocrx_word' id='word_1_27' title='bbox 1241 375 1454 427; x_wconf 88' lang='lat' dir='ltr'>cariosam</span> 
     </span>
     <span class='ocr_line' id='line_1_5' title="bbox 117 440 1455 508; baseline -0.006 -10"><span class='ocrx_word' id='word_1_28' title='bbox 117 451 373 498; x_wconf 85' lang='lat' dir='ltr'>uetustatem</span> <span class='ocrx_word' id='word_1_29' title='bbox 385 457 480 492; x_wconf 89' lang='lat' dir='ltr'>non</span> <span class='ocrx_word' id='word_1_30' title='bbox 495 442 690 490; x_wconf 82' lang='lat' dir='ltr'>sentiret:</span> <span class='ocrx_word' id='word_1_31' title='bbox 704 443 769 490; x_wconf 84' lang='lat' dir='ltr'>Fit</span> <span class='ocrx_word' id='word_1_32' title='bbox 818 458 926 508; x_wconf 53' lang='lat' dir='ltr'>uoq</span> <span class='ocrx_word' id='word_1_33' title='bbox 939 457 986 490; x_wconf 91' lang='lat' dir='ltr'>ca</span> <span class='ocrx_word' id='word_1_34' title='bbox 1010 456 1086 489; x_wconf 81' lang='lat' dir='ltr'>eus</span> <span class='ocrx_word' id='word_1_35' title='bbox 1099 457 1238 506; x_wconf 90' lang='lat' dir='ltr'>quem</span> <span class='ocrx_word' id='word_1_36' title='bbox 1249 440 1455 491; x_wconf 75' lang='lat' dir='ltr'>secundat</span> 
     </span>
     <span class='ocr_line' id='line_1_6' title="bbox 119 505 1453 571; baseline -0.007 -8"><span class='ocrx_word' id='word_1_37' title='bbox 119 519 234 563; x_wconf 87' lang='lat' dir='ltr'>rium</span> <span class='ocrx_word' id='word_1_38' title='bbox 246 520 411 560; x_wconf 89' lang='lat' dir='ltr'>uocant</span> <span class='ocrx_word' id='word_1_39' title='bbox 421 522 474 556; x_wconf 88' lang='lat' dir='ltr'>ex</span> <span class='ocrx_word' id='word_1_40' title='bbox 497 507 591 556; x_wconf 88' lang='lat' dir='ltr'>sero</span> <span class='ocrx_word' id='word_1_41' title='bbox 602 510 734 570; x_wconf 90' lang='lat' dir='ltr'>primi</span> <span class='ocrx_word' id='word_1_42' title='bbox 746 521 794 555; x_wconf 90' lang='lat' dir='ltr'>ca</span> <span class='ocrx_word' id='word_1_43' title='bbox 816 511 852 555; x_wconf 91' lang='lat' dir='ltr'>ei</span> <span class='ocrx_word' id='word_1_44' title='bbox 878 509 999 555; x_wconf 85' lang='lat' dir='ltr'>lento</span> <span class='ocrx_word' id='word_1_45' title='bbox 1013 509 1117 570; x_wconf 87' lang='lat' dir='ltr'>igne</span> <span class='ocrx_word' id='word_1_46' title='bbox 1131 505 1219 555; x_wconf 82' lang='lat' dir='ltr'>siue</span> <span class='ocrx_word' id='word_1_47' title='bbox 1231 510 1383 571; x_wconf 88' lang='lat' dir='ltr'>potius</span> <span class='ocrx_word' id='word_1_48' title='bbox 1397 518 1453 553; x_wconf 75' lang='lat' dir='ltr'>tet</span> 
     </span>
     <span class='ocr_line' id='line_1_7' title="bbox 119 569 1453 625; baseline -0.004 0"><span class='ocrx_word' id='word_1_49' title='bbox 119 580 197 625; x_wconf 90' lang='lat' dir='ltr'>nui</span> <span class='ocrx_word' id='word_1_50' title='bbox 225 573 456 622; x_wconf 75' lang='lat' dir='ltr'>flammula</span> <span class='ocrx_word' id='word_1_51' title='bbox 483 571 670 622; x_wconf 84' lang='lat' dir='ltr'>modico</span> <span class='ocrx_word' id='word_1_52' title='bbox 685 583 837 621; x_wconf 89' lang='lat' dir='ltr'>tamen</span> <span class='ocrx_word' id='word_1_53' title='bbox 849 570 966 621; x_wconf 74' lang='lat' dir='ltr'>laetis</span> <span class='ocrx_word' id='word_1_54' title='bbox 980 569 1137 620; x_wconf 89' lang='lat' dir='ltr'>addito</span> <span class='ocrx_word' id='word_1_55' title='bbox 1149 582 1241 620; x_wconf 89' lang='lat' dir='ltr'>tam</span> <span class='ocrx_word' id='word_1_56' title='bbox 1259 570 1337 618; x_wconf 91' lang='lat' dir='ltr'>diu</span> <span class='ocrx_word' id='word_1_57' title='bbox 1350 571 1453 619; x_wconf 60' lang='lat' dir='ltr'>ebur</span> 
     </span>
     <span class='ocr_line' id='line_1_8' title="bbox 119 629 1451 699; baseline -0.004 -11"><span class='ocrx_word' id='word_1_58' title='bbox 119 643 248 689; x_wconf 85' lang='lat' dir='ltr'>liente</span> <span class='ocrx_word' id='word_1_59' title='bbox 258 638 407 687; x_wconf 91' lang='lat' dir='ltr'>donec</span> <span class='ocrx_word' id='word_1_60' title='bbox 420 635 478 684; x_wconf 90' lang='lat' dir='ltr'>ad</span> <span class='ocrx_word' id='word_1_61' title='bbox 492 636 674 684; x_wconf 71' lang='lat' dir='ltr'>summu</span> <span class='ocrx_word' id='word_1_62' title='bbox 687 635 1163 685; x_wconf 63' lang='lat' dir='ltr'>nataueritssecofiam</span> <span class='ocrx_word' id='word_1_63' title='bbox 1178 629 1336 699; x_wconf 81' lang='lat' dir='ltr'>paffim</span> <span class='ocrx_word' id='word_1_64' title='bbox 1352 633 1451 683; x_wconf 67' lang='lat' dir='ltr'>dicis</span> 
     </span>
     <span class='ocr_line' id='line_1_9' title="bbox 115 697 1455 765; baseline -0.002 -13"><span class='ocrx_word' id='word_1_65' title='bbox 115 717 220 752; x_wconf 88' lang='lat' dir='ltr'>mus</span> <span class='ocrx_word' id='word_1_66' title='bbox 233 700 460 752; x_wconf 90' lang='lat' dir='ltr'>:Candida</span> <span class='ocrx_word' id='word_1_67' title='bbox 475 701 530 748; x_wconf 87' lang='lat' dir='ltr'>est</span> <span class='ocrx_word' id='word_1_68' title='bbox 543 703 587 748; x_wconf 86' lang='lat'>&amp;</span> <span class='ocrx_word' id='word_1_69' title='bbox 601 697 725 764; x_wconf 79' lang='lat' dir='ltr'>quasi</span> <span class='ocrx_word' id='word_1_70' title='bbox 738 698 976 765; x_wconf 86' lang='lat' dir='ltr'>spongiosa</span> <span class='ocrx_word' id='word_1_71' title='bbox 990 712 1096 748; x_wconf 86' lang='lat' dir='ltr'>:nec</span> <span class='ocrx_word' id='word_1_72' title='bbox 1107 701 1234 764; x_wconf 81' lang='lat' dir='ltr'>gustu</span> <span class='ocrx_word' id='word_1_73' title='bbox 1247 698 1455 749; x_wconf 84' lang='lat' dir='ltr'>insuauis:</span> 
     </span>
     <span class='ocr_line' id='line_1_10' title="bbox 115 763 1453 831; baseline -0.004 -15"><span class='ocrx_word' id='word_1_74' title='bbox 115 766 309 831; x_wconf 76' lang='lat' dir='ltr'>muitisq3</span> <span class='ocrx_word' id='word_1_75' title='bbox 323 767 551 815; x_wconf 87' lang='lat' dir='ltr'>herbaceis</span> <span class='ocrx_word' id='word_1_76' title='bbox 566 765 776 828; x_wconf 76' lang='lat' dir='ltr'>pulmetis</span> <span class='ocrx_word' id='word_1_77' title='bbox 788 763 1039 813; x_wconf 82' lang='lat' dir='ltr'>adhibetur:</span> <span class='ocrx_word' id='word_1_78' title='bbox 1051 765 1190 813; x_wconf 88' lang='lat' dir='ltr'>Saiita</span> <span class='ocrx_word' id='word_1_79' title='bbox 1202 768 1453 813; x_wconf 84' lang='lat' dir='ltr'>etiamnum</span> 
     </span>
     <span class='ocr_line' id='line_1_11' title="bbox 114 827 1453 893; baseline -0.003 -14"><span class='ocrx_word' id='word_1_80' title='bbox 114 835 210 880; x_wconf 89' lang='lat' dir='ltr'>uice</span> <span class='ocrx_word' id='word_1_81' title='bbox 220 833 344 881; x_wconf 85' lang='lat' dir='ltr'>Casei</span> <span class='ocrx_word' id='word_1_82' title='bbox 358 842 541 878; x_wconf 86' lang='lat' dir='ltr'>utuntur</span> <span class='ocrx_word' id='word_1_83' title='bbox 553 831 691 877; x_wconf 78' lang='lat' dir='ltr'>rustici</span> <span class='ocrx_word' id='word_1_84' title='bbox 713 830 1004 893; x_wconf 73' lang='lat' dir='ltr'>semipagani</span> <span class='ocrx_word' id='word_1_85' title='bbox 1019 832 1064 877; x_wconf 80' lang='grc' dir='ltr'>δι</span> <span class='ocrx_word' id='word_1_86' title='bbox 1077 832 1288 879; x_wconf 80' lang='lat' dir='ltr'>tenuioris</span> <span class='ocrx_word' id='word_1_87' title='bbox 1299 827 1453 876; x_wconf 91' lang='lat' dir='ltr'>census</span> 
     </span>
     <span class='ocr_line' id='line_1_12' title="bbox 111 893 1450 960; baseline -0.004 -16"><span class='ocrx_word' id='word_1_88' title='bbox 111 900 430 960; x_wconf 81' lang='lat' dir='ltr'>paupertinaeq3</span> <span class='ocrx_word' id='word_1_89' title='bbox 445 893 714 943; x_wconf 84' lang='lat' dir='ltr'>conditionis</span> <span class='ocrx_word' id='word_1_90' title='bbox 730 895 940 942; x_wconf 89' lang='lat' dir='ltr'>homines</span> <span class='ocrx_word' id='word_1_91' title='bbox 953 898 998 940; x_wconf 92' lang='lat' dir='ltr'>in</span> <span class='ocrx_word' id='word_1_92' title='bbox 1010 896 1194 942; x_wconf 82' lang='lat' dir='ltr'>cibariis:</span> <span class='ocrx_word' id='word_1_93' title='bbox 1208 894 1368 940; x_wconf 84' lang='lat' dir='ltr'>Serum</span> <span class='ocrx_word' id='word_1_94' title='bbox 1383 907 1450 940; x_wconf 74' lang='lat' dir='ltr'>uer</span> 
     </span>
     <span class='ocr_line' id='line_1_13' title="bbox 111 957 1449 1025; baseline -0.004 -17"><span class='ocrx_word' id='word_1_95' title='bbox 111 975 164 1010; x_wconf 86' lang='lat' dir='ltr'>ro</span> <span class='ocrx_word' id='word_1_96' title='bbox 177 960 323 1025; x_wconf 88' lang='lat' dir='ltr'>ipsum</span> <span class='ocrx_word' id='word_1_97' title='bbox 337 962 641 1024; x_wconf 81' lang='lat' dir='ltr'>purgatoriam</span> <span class='ocrx_word' id='word_1_98' title='bbox 659 963 751 1006; x_wconf 90' lang='lat' dir='ltr'>uim</span> <span class='ocrx_word' id='word_1_99' title='bbox 765 961 976 1007; x_wconf 83' lang='lat' dir='ltr'>obtinens</span> <span class='ocrx_word' id='word_1_100' title='bbox 989 958 1106 1006; x_wconf 70' lang='lat' dir='ltr'>iadis</span> <span class='ocrx_word' id='word_1_101' title='bbox 1117 957 1258 1006; x_wconf 87' lang='lat' dir='ltr'>sanies</span> <span class='ocrx_word' id='word_1_102' title='bbox 1273 958 1329 1004; x_wconf 85' lang='lat' dir='ltr'>est</span> <span class='ocrx_word' id='word_1_103' title='bbox 1343 957 1449 1004; x_wconf 58' lang='lat' dir='ltr'>ditur</span> 
     </span>
     <span class='ocr_line' id='line_1_14' title="bbox 111 1020 1452 1089; baseline -0.001 -18"><span class='ocrx_word' id='word_1_104' title='bbox 111 1035 313 1089; x_wconf 74' lang='lat' dir='ltr'>tarquam</span> <span class='ocrx_word' id='word_1_105' title='bbox 325 1025 443 1073; x_wconf 62' lang='lat' dir='ltr'>lactis</span> <span class='ocrx_word' id='word_1_106' title='bbox 456 1020 632 1087; x_wconf 83' lang='lat' dir='ltr'>quodq3</span> <span class='ocrx_word' id='word_1_107' title='bbox 647 1038 790 1088; x_wconf 85' lang='lat' dir='ltr'>genus</span> <span class='ocrx_word' id='word_1_108' title='bbox 805 1022 968 1070; x_wconf 86' lang='lat' dir='ltr'>habere</span> <span class='ocrx_word' id='word_1_109' title='bbox 983 1023 1279 1071; x_wconf 76' lang='lat' dir='ltr'>manifestarifi</span> <span class='ocrx_word' id='word_1_110' title='bbox 1291 1022 1452 1069; x_wconf 76' lang='lat' dir='ltr'>efltLac</span> 
     </span>
     <span class='ocr_line' id='line_1_15' title="bbox 111 1087 1449 1155; baseline -0.001 -20"><span class='ocrx_word' id='word_1_111' title='bbox 111 1087 256 1150; x_wconf 88' lang='lat' dir='ltr'>ipsum</span> <span class='ocrx_word' id='word_1_112' title='bbox 269 1102 410 1155; x_wconf 85' lang='lat' dir='ltr'>graece</span> <span class='ocrx_word' id='word_1_113' title='bbox 424 1087 532 1136; x_wconf 82' lang='lat' dir='ltr'>Gaia</span> <span class='ocrx_word' id='word_1_114' title='bbox 546 1087 667 1135; x_wconf 89' lang='lat' dir='ltr'>unde</span> <span class='ocrx_word' id='word_1_115' title='bbox 678 1088 982 1150; x_wconf 72' lang='lat' dir='ltr'>Galadopotae</span> <span class='ocrx_word' id='word_1_116' title='bbox 995 1087 1114 1135; x_wconf 67' lang='lat' dir='ltr'>lactis</span> <span class='ocrx_word' id='word_1_117' title='bbox 1125 1099 1379 1151; x_wconf 80' lang='lat' dir='ltr'>potatores:</span> <span class='ocrx_word' id='word_1_118' title='bbox 1393 1101 1449 1133; x_wconf 91' lang='lat' dir='ltr'>eo</span> 
     </span>
     <span class='ocr_line' id='line_1_16' title="bbox 113 1149 1448 1215; baseline -0.001 -16"><span class='ocrx_word' id='word_1_119' title='bbox 113 1166 262 1200; x_wconf 84' lang='lat' dir='ltr'>recens</span> <span class='ocrx_word' id='word_1_120' title='bbox 275 1152 514 1215; x_wconf 80' lang='lat' dir='ltr'>coagulato</span> <span class='ocrx_word' id='word_1_121' title='bbox 527 1155 694 1200; x_wconf 83' lang='lat' dir='ltr'>utimur</span> <span class='ocrx_word' id='word_1_122' title='bbox 707 1157 751 1198; x_wconf 89' lang='lat' dir='ltr'>in</span> <span class='ocrx_word' id='word_1_123' title='bbox 766 1154 873 1199; x_wconf 83' lang='lat' dir='ltr'>cibis</span> <span class='ocrx_word' id='word_1_124' title='bbox 889 1149 1091 1198; x_wconf 85' lang='lat' dir='ltr'>secundae</span> <span class='ocrx_word' id='word_1_125' title='bbox 1105 1150 1388 1200; x_wconf 85' lang='lat' dir='ltr'>mensae:hinc</span> <span class='ocrx_word' id='word_1_126' title='bbox 1401 1149 1448 1198; x_wconf 84' lang='lat' dir='ltr'>fa</span> 
     </span>
     <span class='ocr_line' id='line_1_17' title="bbox 110 1214 1449 1280; baseline 0.001 -17"><span class='ocrx_word' id='word_1_127' title='bbox 110 1220 233 1265; x_wconf 90' lang='lat' dir='ltr'>ciunt</span> <span class='ocrx_word' id='word_1_128' title='bbox 243 1219 372 1267; x_wconf 78' lang='lat' dir='ltr'>nostri</span> <span class='ocrx_word' id='word_1_129' title='bbox 383 1216 540 1263; x_wconf 65' lang='lat' dir='ltr'>lactarii</span> <span class='ocrx_word' id='word_1_130' title='bbox 552 1230 642 1278; x_wconf 82' lang='lat' dir='ltr'>prae</span> <span class='ocrx_word' id='word_1_131' title='bbox 653 1219 816 1264; x_wconf 85' lang='lat' dir='ltr'>caeteris</span> <span class='ocrx_word' id='word_1_132' title='bbox 828 1214 1023 1263; x_wconf 78' lang='lat' dir='ltr'>laticiniis</span> <span class='ocrx_word' id='word_1_133' title='bbox 1039 1217 1242 1264; x_wconf 86' lang='lat' dir='ltr'>Iuncatas</span> <span class='ocrx_word' id='word_1_134' title='bbox 1254 1228 1370 1280; x_wconf 84' lang='lat' dir='ltr'>quas</span> <span class='ocrx_word' id='word_1_135' title='bbox 1385 1230 1449 1265; x_wconf 92' lang='lat' dir='ltr'>uo</span> 
     </span>
     <span class='ocr_line' id='line_1_18' title="bbox 108 1279 1449 1342; baseline -0.001 -14"><span class='ocrx_word' id='word_1_136' title='bbox 108 1293 211 1328; x_wconf 88' lang='lat' dir='ltr'>cant</span> <span class='ocrx_word' id='word_1_137' title='bbox 220 1297 245 1329; x_wconf 89' lang='lat' dir='ltr'>a</span> <span class='ocrx_word' id='word_1_138' title='bbox 259 1282 412 1330; x_wconf 80' lang='lat' dir='ltr'>iuncis,</span> <span class='ocrx_word' id='word_1_139' title='bbox 422 1282 466 1326; x_wconf 90' lang='lat' dir='ltr'>in</span> <span class='ocrx_word' id='word_1_140' title='bbox 479 1282 647 1342; x_wconf 90' lang='lat' dir='ltr'>quibus</span> <span class='ocrx_word' id='word_1_141' title='bbox 660 1279 1128 1331; x_wconf 85' lang='lat' dir='ltr'>inuoluuntur:eodem</span> <span class='ocrx_word' id='word_1_142' title='bbox 1142 1282 1248 1329; x_wconf 70' lang='lat' dir='ltr'>lade</span> <span class='ocrx_word' id='word_1_143' title='bbox 1259 1284 1449 1332; x_wconf 86' lang='lat' dir='ltr'>nutritos</span> 
     </span>
     <span class='ocr_line' id='line_1_19' title="bbox 113 1345 598 1406; baseline 0 -14"><span class='ocrx_word' id='word_1_144' title='bbox 113 1346 345 1396; x_wconf 73' lang='lat' dir='ltr'>coliadeos</span> <span class='ocrx_word' id='word_1_145' title='bbox 360 1345 598 1406; x_wconf 75' lang='lat' dir='ltr'>appellant.</span> 
     </span>
     <span class='ocr_line' id='line_1_20' title="bbox 142 1404 1449 1473; baseline 0.002 -21"><span class='ocrx_word' id='word_1_146' title='bbox 142 1445 155 1452; x_wconf 27' lang='lat' dir='ltr'>a</span> <span class='ocrx_word' id='word_1_147' title='bbox 184 1464 197 1471; x_wconf 9' lang='grc' dir='ltr'>,γ</span> <span class='ocrx_word' id='word_1_148' title='bbox 303 1433 354 1467; x_wconf 44' lang='grc' dir='ltr'>-μ</span> <span class='ocrx_word' id='word_1_149' title='bbox 371 1407 554 1456; x_wconf 84' lang='lat' dir='ltr'>Vccidia</span> <span class='ocrx_word' id='word_1_150' title='bbox 582 1420 730 1473; x_wconf 88' lang='lat' dir='ltr'>tergus</span> <span class='ocrx_word' id='word_1_151' title='bbox 745 1406 829 1457; x_wconf 83' lang='lat' dir='ltr'>suis</span> <span class='ocrx_word' id='word_1_152' title='bbox 844 1404 933 1456; x_wconf 80' lang='lat' dir='ltr'>siue</span> <span class='ocrx_word' id='word_1_153' title='bbox 948 1405 1084 1457; x_wconf 80' lang='lat' dir='ltr'>maffa</span> <span class='ocrx_word' id='word_1_154' title='bbox 1100 1408 1239 1457; x_wconf 90' lang='lat' dir='ltr'>carnis</span> <span class='ocrx_word' id='word_1_155' title='bbox 1250 1410 1449 1470; x_wconf 84' lang='lat' dir='ltr'>porcinae</span> 
     </span>
     <span class='ocr_line' id='line_1_21' title="bbox 141 1440 1449 1556; baseline 0 -37"><span class='ocrx_word' id='word_1_156' title='bbox 141 1440 207 1554; x_wconf 47' lang='grc' dir='ltr'>ἑᾷ</span> <span class='ocrx_word' id='word_1_157' title='bbox 226 1449 491 1556; x_wconf 47' lang='lat' dir='ltr'>Qfisalita</span> <span class='ocrx_word' id='word_1_158' title='bbox 505 1477 790 1537; x_wconf 84' lang='lat' dir='ltr'>nuncupatur</span> <span class='ocrx_word' id='word_1_159' title='bbox 815 1488 841 1520; x_wconf 89' lang='lat' dir='ltr'>a</span> <span class='ocrx_word' id='word_1_160' title='bbox 866 1470 1019 1521; x_wconf 88' lang='lat' dir='ltr'>suibus</span> <span class='ocrx_word' id='word_1_161' title='bbox 1033 1470 1239 1521; x_wconf 87' lang='lat' dir='ltr'>cedendis</span> <span class='ocrx_word' id='word_1_162' title='bbox 1254 1485 1387 1519; x_wconf 86' lang='lat' dir='ltr'>:nam</span> <span class='ocrx_word' id='word_1_163' title='bbox 1403 1469 1449 1519; x_wconf 88' lang='lat' dir='ltr'>id</span> 
     </span>
     <span class='ocr_line' id='line_1_22' title="bbox 120 1535 1450 1651; baseline -0.005 -63"><span class='ocrx_word' id='word_1_164' title='bbox 120 1535 277 1651; x_wconf 43' lang='lat' dir='ltr'>‘Ei-&#39;452</span> <span class='ocrx_word' id='word_1_165' title='bbox 320 1565 346 1603; x_wconf 63' lang='lat' dir='ltr'>q</span> <span class='ocrx_word' id='word_1_166' title='bbox 362 1539 508 1599; x_wconf 56' lang='lat' dir='ltr'>{pecus</span> <span class='ocrx_word' id='word_1_167' title='bbox 521 1540 724 1599; x_wconf 86' lang='lat' dir='ltr'>primum</span> <span class='ocrx_word' id='word_1_168' title='bbox 737 1536 940 1588; x_wconf 91' lang='lat' dir='ltr'>occidere</span> <span class='ocrx_word' id='word_1_169' title='bbox 953 1541 998 1585; x_wconf 72' lang='grc' dir='ltr'>δι</span> <span class='ocrx_word' id='word_1_170' title='bbox 1012 1536 1151 1585; x_wconf 84' lang='lat' dir='ltr'>salire:</span> <span class='ocrx_word' id='word_1_171' title='bbox 1166 1548 1214 1583; x_wconf 91' lang='lat' dir='ltr'>ut</span> <span class='ocrx_word' id='word_1_172' title='bbox 1228 1535 1450 1584; x_wconf 87' lang='lat' dir='ltr'>seruarent</span> 
     </span>
     <span class='ocr_line' id='line_1_23' title="bbox 154 1595 1451 1665; baseline 0.001 -17"><span class='ocrx_word' id='word_1_173' title='bbox 154 1595 187 1626; x_wconf 46' lang='grc' dir='ltr'>ἵ·</span> <span class='ocrx_word' id='word_1_174' title='bbox 223 1653 250 1658; x_wconf 8' lang='lat' dir='ltr'>p</span> <span class='ocrx_word' id='word_1_175' title='bbox 319 1598 342 1636; x_wconf 57' lang='grc' dir='ltr'>’ἰ</span> <span class='ocrx_word' id='word_1_176' title='bbox 372 1602 710 1662; x_wconf 88' lang='lat' dir='ltr'>patresfamilias</span> <span class='ocrx_word' id='word_1_177' title='bbox 723 1613 960 1665; x_wconf 81' lang='lat' dir='ltr'>coeperunt</span> <span class='ocrx_word' id='word_1_178' title='bbox 974 1618 984 1650; x_wconf 96' lang='lat'><strong>:</strong></span> <span class='ocrx_word' id='word_1_179' title='bbox 999 1614 1048 1649; x_wconf 92' lang='lat' dir='ltr'>ut</span> <span class='ocrx_word' id='word_1_180' title='bbox 1061 1597 1451 1653; x_wconf 83' lang='lat' dir='ltr'>scribit.M.Vatro</span> 
     </span>
     <span class='ocr_line' id='line_1_24' title="bbox 107 1660 1451 1727; baseline 0.004 -21"><span class='ocrx_word' id='word_1_181' title='bbox 107 1660 283 1709; x_wconf 82' lang='lat' dir='ltr'>inlibris</span> <span class='ocrx_word' id='word_1_182' title='bbox 297 1661 630 1726; x_wconf 80' lang='lat' dir='ltr'>linguaeiatinae.</span> <span class='ocrx_word' id='word_1_183' title='bbox 643 1667 699 1713; x_wconf 86' lang='lat' dir='ltr'>Et</span> <span class='ocrx_word' id='word_1_184' title='bbox 723 1669 778 1713; x_wconf 87' lang='lat' dir='ltr'>tei</span> <span class='ocrx_word' id='word_1_185' title='bbox 796 1667 955 1713; x_wconf 82' lang='lat' dir='ltr'>tuflicae</span> <span class='ocrx_word' id='word_1_186' title='bbox 968 1665 1177 1715; x_wconf 86' lang='lat' dir='ltr'>secundo.</span> <span class='ocrx_word' id='word_1_187' title='bbox 1190 1669 1288 1724; x_wconf 84' lang='lat' dir='ltr'>Qi</span> <span class='ocrx_word' id='word_1_188' title='bbox 1301 1667 1451 1727; x_wconf 86' lang='lat' dir='ltr'>inquit</span> 
     </span>
     <span class='ocr_line' id='line_1_25' title="bbox 107 1724 1449 1792; baseline 0.005 -22"><span class='ocrx_word' id='word_1_189' title='bbox 107 1736 205 1774; x_wconf 89' lang='lat' dir='ltr'>non</span> <span class='ocrx_word' id='word_1_190' title='bbox 216 1724 400 1774; x_wconf 88' lang='lat' dir='ltr'>audierit</span> <span class='ocrx_word' id='word_1_191' title='bbox 413 1740 556 1789; x_wconf 87' lang='lat' dir='ltr'>patres</span> <span class='ocrx_word' id='word_1_192' title='bbox 570 1730 741 1779; x_wconf 84' lang='lat' dir='ltr'>nostros</span> <span class='ocrx_word' id='word_1_193' title='bbox 754 1728 893 1776; x_wconf 81' lang='lat' dir='ltr'>dicere</span> <span class='ocrx_word' id='word_1_194' title='bbox 906 1734 1123 1792; x_wconf 82' lang='lat' dir='ltr'>ignauum</span> <span class='ocrx_word' id='word_1_195' title='bbox 1149 1733 1193 1776; x_wconf 86' lang='lat'>&amp;</span> <span class='ocrx_word' id='word_1_196' title='bbox 1216 1729 1449 1790; x_wconf 66' lang='lat' dir='ltr'>sumptuo‘</span> 
     </span>
     <span class='ocr_line' id='line_1_26' title="bbox 107 1785 1450 1855; baseline 0.004 -20"><span class='ocrx_word' id='word_1_197' title='bbox 107 1785 208 1836; x_wconf 85' lang='lat' dir='ltr'>sum</span> <span class='ocrx_word' id='word_1_198' title='bbox 221 1787 391 1854; x_wconf 82' lang='lat' dir='ltr'>essequi</span> <span class='ocrx_word' id='word_1_199' title='bbox 407 1792 643 1841; x_wconf 86' lang='lat' dir='ltr'>succidiam</span> <span class='ocrx_word' id='word_1_200' title='bbox 658 1797 701 1840; x_wconf 89' lang='lat' dir='ltr'>in</span> <span class='ocrx_word' id='word_1_201' title='bbox 715 1796 913 1841; x_wconf 86' lang='lat' dir='ltr'>carnario</span> <span class='ocrx_word' id='word_1_202' title='bbox 927 1791 1194 1855; x_wconf 89' lang='lat' dir='ltr'>suspenderit</span> <span class='ocrx_word' id='word_1_203' title='bbox 1208 1795 1358 1855; x_wconf 85' lang='lat' dir='ltr'>potius</span> <span class='ocrx_word' id='word_1_204' title='bbox 1371 1806 1395 1838; x_wconf 92' lang='lat' dir='ltr'>e</span> <span class='ocrx_word' id='word_1_205' title='bbox 1406 1791 1450 1841; x_wconf 78' lang='lat' dir='ltr'>la</span> 
     </span>
     <span class='ocr_line' id='line_1_27' title="bbox 107 1854 1450 1917; baseline 0.002 -17"><span class='ocrx_word' id='word_1_206' title='bbox 107 1856 249 1902; x_wconf 87' lang='lat' dir='ltr'>niario</span> <span class='ocrx_word' id='word_1_207' title='bbox 260 1869 401 1917; x_wconf 89' lang='lat' dir='ltr'>quam</span> <span class='ocrx_word' id='word_1_208' title='bbox 417 1870 441 1902; x_wconf 91' lang='lat' dir='ltr'>e</span> <span class='ocrx_word' id='word_1_209' title='bbox 454 1855 698 1907; x_wconf 80' lang='lat' dir='ltr'>domestico</span> <span class='ocrx_word' id='word_1_210' title='bbox 709 1854 1016 1906; x_wconf 85' lang='lat' dir='ltr'>fund0.Et.M.</span> <span class='ocrx_word' id='word_1_211' title='bbox 1031 1857 1191 1905; x_wconf 80' lang='lat' dir='ltr'>Cicero</span> <span class='ocrx_word' id='word_1_212' title='bbox 1205 1875 1217 1905; x_wconf 94' lang='lat'>:</span> <span class='ocrx_word' id='word_1_213' title='bbox 1231 1857 1326 1902; x_wconf 89' lang='lat' dir='ltr'>Iam</span> <span class='ocrx_word' id='word_1_214' title='bbox 1343 1855 1450 1905; x_wconf 75' lang='lat' dir='ltr'>hott</span> 
     </span>
     <span class='ocr_line' id='line_1_28' title="bbox 107 1918 1446 1983; baseline 0.002 -19"><span class='ocrx_word' id='word_1_215' title='bbox 107 1928 208 1965; x_wconf 87' lang='lat' dir='ltr'>tum</span> <span class='ocrx_word' id='word_1_216' title='bbox 220 1918 424 1981; x_wconf 83' lang='lat' dir='ltr'>agricoiae</span> <span class='ocrx_word' id='word_1_217' title='bbox 437 1920 513 1983; x_wconf 83' lang='lat' dir='ltr'>ipsi</span> <span class='ocrx_word' id='word_1_218' title='bbox 529 1920 766 1969; x_wconf 86' lang='lat' dir='ltr'>succidiam</span> <span class='ocrx_word' id='word_1_219' title='bbox 791 1922 973 1969; x_wconf 86' lang='lat' dir='ltr'>aiteram</span> <span class='ocrx_word' id='word_1_220' title='bbox 999 1933 1192 1969; x_wconf 88' lang='lat' dir='ltr'>uocant:</span> <span class='ocrx_word' id='word_1_221' title='bbox 1210 1920 1324 1967; x_wconf 90' lang='lat' dir='ltr'>Non</span> <span class='ocrx_word' id='word_1_222' title='bbox 1338 1919 1446 1967; x_wconf 84' lang='lat' dir='ltr'>nulli</span> 
     </span>
     <span class='ocr_line' id='line_1_29' title="bbox 104 1978 1448 2049; baseline 0.002 -21"><span class='ocrx_word' id='word_1_223' title='bbox 104 1978 343 2030; x_wconf 83' lang='lat' dir='ltr'>succidiam</span> <span class='ocrx_word' id='word_1_224' title='bbox 359 1983 518 2031; x_wconf 69' lang='lat' dir='ltr'>dictam</span> <span class='ocrx_word' id='word_1_225' title='bbox 535 1987 832 2033; x_wconf 75' lang='lat' dir='ltr'>existimarunt</span> <span class='ocrx_word' id='word_1_226' title='bbox 844 1985 973 2049; x_wconf 85' lang='lat' dir='ltr'>quod</span> <span class='ocrx_word' id='word_1_227' title='bbox 986 1985 1199 2048; x_wconf 81' lang='lat' dir='ltr'>paulatim</span> <span class='ocrx_word' id='word_1_228' title='bbox 1216 1983 1448 2031; x_wconf 85' lang='lat' dir='ltr'>succiditur</span> 
     </span>
     <span class='ocr_line' id='line_1_30' title="bbox 105 2044 1446 2113; baseline 0.001 -20"><span class='ocrx_word' id='word_1_229' title='bbox 105 2046 292 2095; x_wconf 91' lang='lat' dir='ltr'>Nonius</span> <span class='ocrx_word' id='word_1_230' title='bbox 304 2044 585 2097; x_wconf 61' lang='lat' dir='ltr'>successissent</span> <span class='ocrx_word' id='word_1_231' title='bbox 600 2047 878 2098; x_wconf 73' lang='lat' dir='ltr'>necessariam</span> <span class='ocrx_word' id='word_1_232' title='bbox 893 2056 1199 2112; x_wconf 85' lang='lat' dir='ltr'>interpretatus</span> <span class='ocrx_word' id='word_1_233' title='bbox 1213 2047 1446 2113; x_wconf 57' lang='lat' dir='ltr'>essedixitcss</span> 
     </span>
     <span class='ocr_line' id='line_1_31' title="bbox 106 2106 1448 2178; baseline 0.003 -22"><span class='ocrx_word' id='word_1_234' title='bbox 106 2106 299 2157; x_wconf 78' lang='lat' dir='ltr'>[ardum</span> <span class='ocrx_word' id='word_1_235' title='bbox 315 2110 556 2176; x_wconf 73' lang='lat' dir='ltr'>significate</span> <span class='ocrx_word' id='word_1_236' title='bbox 569 2129 579 2161; x_wconf 76' lang='grc' dir='ltr'><strong><em>ε</em></strong></span> <span class='ocrx_word' id='word_1_237' title='bbox 594 2129 690 2178; x_wconf 91' lang='lat' dir='ltr'>quo</span> <span class='ocrx_word' id='word_1_238' title='bbox 702 2118 888 2164; x_wconf 88' lang='lat' dir='ltr'>nomine</span> <span class='ocrx_word' id='word_1_239' title='bbox 901 2127 1078 2162; x_wconf 87' lang='lat' dir='ltr'>carnem</span> <span class='ocrx_word' id='word_1_240' title='bbox 1091 2112 1256 2160; x_wconf 78' lang='lat' dir='ltr'>salitam</span> <span class='ocrx_word' id='word_1_241' title='bbox 1273 2118 1448 2176; x_wconf 82' lang='lat' dir='ltr'>proprie</span> 
     </span>
     <span class='ocr_line' id='line_1_32' title="bbox 106 2175 1446 2244; baseline 0.003 -24"><span class='ocrx_word' id='word_1_242' title='bbox 106 2184 320 2222; x_wconf 87' lang='lat' dir='ltr'>notamus</span> <span class='ocrx_word' id='word_1_243' title='bbox 334 2189 384 2223; x_wconf 92' lang='lat' dir='ltr'>ut</span> <span class='ocrx_word' id='word_1_244' title='bbox 394 2175 444 2224; x_wconf 81' lang='lat' dir='ltr'>sit</span> <span class='ocrx_word' id='word_1_245' title='bbox 458 2178 638 2227; x_wconf 88' lang='lat' dir='ltr'>lardum</span> <span class='ocrx_word' id='word_1_246' title='bbox 653 2178 777 2242; x_wconf 80' lang='lat' dir='ltr'>quasi</span> <span class='ocrx_word' id='word_1_247' title='bbox 790 2179 908 2244; x_wconf 82' lang='lat' dir='ltr'>large</span> <span class='ocrx_word' id='word_1_248' title='bbox 921 2178 1048 2226; x_wconf 79' lang='lat' dir='ltr'>aridfi</span> <span class='ocrx_word' id='word_1_249' title='bbox 1060 2179 1158 2224; x_wconf 76' lang='lat' dir='ltr'>teste</span> <span class='ocrx_word' id='word_1_250' title='bbox 1181 2175 1446 2230; x_wconf 81' lang='lat' dir='ltr'>Macrobio:</span> 
     </span>
     <span class='ocr_line' id='line_1_33' title="bbox 105 2234 1448 2308; baseline 0.004 -26"><span class='ocrx_word' id='word_1_251' title='bbox 105 2234 243 2285; x_wconf 90' lang='lat' dir='ltr'>Vnde</span> <span class='ocrx_word' id='word_1_252' title='bbox 252 2241 483 2303; x_wconf 87' lang='lat' dir='ltr'>epitheton</span> <span class='ocrx_word' id='word_1_253' title='bbox 497 2242 777 2291; x_wconf 86' lang='lat' dir='ltr'>discreriuum</span> <span class='ocrx_word' id='word_1_254' title='bbox 802 2247 968 2308; x_wconf 80' lang='lat' dir='ltr'>pingue</span> <span class='ocrx_word' id='word_1_255' title='bbox 980 2242 1230 2290; x_wconf 67' lang='lat' dir='ltr'>addiderit.</span> <span class='ocrx_word' id='word_1_256' title='bbox 1243 2239 1448 2288; x_wconf 83' lang='lat' dir='ltr'>Ouidius</span> 
     </span>
     <span class='ocr_line' id='line_1_34' title="bbox 103 2301 1446 2410; baseline 0.001 -60"><span class='ocrx_word' id='word_1_257' title='bbox 103 2301 293 2410; x_wconf 44' lang='lat' dir='ltr'>Pinguia</span> <span class='ocrx_word' id='word_1_258' title='bbox 303 2318 381 2353; x_wconf 89' lang='lat' dir='ltr'>cut</span> <span class='ocrx_word' id='word_1_259' title='bbox 391 2305 470 2353; x_wconf 87' lang='lat' dir='ltr'>illis</span> <span class='ocrx_word' id='word_1_260' title='bbox 479 2308 676 2371; x_wconf 75' lang='lat' dir='ltr'>gustatur</span> <span class='ocrx_word' id='word_1_261' title='bbox 692 2307 814 2355; x_wconf 80' lang='lat' dir='ltr'>larda</span> <span class='ocrx_word' id='word_1_262' title='bbox 828 2309 868 2355; x_wconf 91' lang='lat' dir='ltr'>C</span> <span class='ocrx_word' id='word_1_263' title='bbox 878 2306 1110 2356; x_wconf 74' lang='lat' dir='ltr'>alendisz&amp;</span> <span class='ocrx_word' id='word_1_264' title='bbox 1125 2304 1446 2355; x_wconf 74' lang='lat' dir='ltr'>Horatiusevn</span> 
     </span>
     <span class='ocr_line' id='line_1_35' title="bbox 104 2364 1436 2435; baseline 0.005 -25"><span class='ocrx_word' id='word_1_265' title='bbox 104 2364 171 2411; x_wconf 72' lang='lat' dir='ltr'>fla</span> <span class='ocrx_word' id='word_1_266' title='bbox 201 2371 281 2413; x_wconf 88' lang='lat' dir='ltr'>atis</span> <span class='ocrx_word' id='word_1_267' title='bbox 293 2372 445 2433; x_wconf 84' lang='lat' dir='ltr'>pingui</span> <span class='ocrx_word' id='word_1_268' title='bbox 457 2384 686 2435; x_wconf 84' lang='lat' dir='ltr'>ponantur</span> <span class='ocrx_word' id='word_1_269' title='bbox 711 2369 905 2420; x_wconf 76' lang='lat' dir='ltr'>oiuscuIa</span> <span class='ocrx_word' id='word_1_270' title='bbox 921 2370 1047 2421; x_wconf 84' lang='lat' dir='ltr'>lardo</span> <span class='ocrx_word' id='word_1_271' title='bbox 1062 2375 1302 2419; x_wconf 81' lang='lat' dir='ltr'>:neoterice</span> <span class='ocrx_word' id='word_1_272' title='bbox 1313 2372 1436 2416; x_wconf 87' lang='lat' dir='ltr'>enim</span> 
     </span>
     <span class='ocr_line' id='line_1_36' title="bbox 99 2427 1441 2500; baseline 0.004 -24"><span class='ocrx_word' id='word_1_273' title='bbox 99 2427 279 2477; x_wconf 83' lang='lat' dir='ltr'>lardum</span> <span class='ocrx_word' id='word_1_274' title='bbox 291 2446 476 2485; x_wconf 83' lang='lat' dir='ltr'>uocatur</span> <span class='ocrx_word' id='word_1_275' title='bbox 488 2434 617 2500; x_wconf 90' lang='lat' dir='ltr'>quod</span> <span class='ocrx_word' id='word_1_276' title='bbox 630 2442 673 2483; x_wconf 89' lang='lat' dir='ltr'>in</span> <span class='ocrx_word' id='word_1_277' title='bbox 687 2434 871 2484; x_wconf 78' lang='lat' dir='ltr'>succidia</span> <span class='ocrx_word' id='word_1_278' title='bbox 888 2435 1213 2500; x_wconf 80' lang='lat' dir='ltr'>pinguisculum</span> <span class='ocrx_word' id='word_1_279' title='bbox 1228 2429 1310 2483; x_wconf 83' lang='lat' dir='ltr'>effe</span> <span class='ocrx_word' id='word_1_280' title='bbox 1320 2431 1441 2483; x_wconf 85' lang='lat' dir='ltr'>solet.</span> 
     </span>
     <span class='ocr_line' id='line_1_37' title="bbox 103 2492 1442 2567; baseline 0.002 -24"><span class='ocrx_word' id='word_1_281' title='bbox 103 2492 236 2557; x_wconf 84' lang='lat' dir='ltr'>adipe</span> <span class='ocrx_word' id='word_1_282' title='bbox 248 2499 327 2559; x_wconf 86' lang='lat' dir='ltr'>qui</span> <span class='ocrx_word' id='word_1_283' title='bbox 337 2509 418 2547; x_wconf 90' lang='lat' dir='ltr'>nec</span> <span class='ocrx_word' id='word_1_284' title='bbox 428 2505 599 2567; x_wconf 79' lang='lat' dir='ltr'>cogitur</span> <span class='ocrx_word' id='word_1_285' title='bbox 614 2513 694 2549; x_wconf 90' lang='lat' dir='ltr'>nec</span> <span class='ocrx_word' id='word_1_286' title='bbox 707 2497 893 2550; x_wconf 84' lang='lat' dir='ltr'>siccitate</span> <span class='ocrx_word' id='word_1_287' title='bbox 906 2500 1056 2566; x_wconf 85' lang='lat' dir='ltr'>aliqua</span> <span class='ocrx_word' id='word_1_288' title='bbox 1070 2499 1288 2566; x_wconf 83' lang='lat' dir='ltr'>frangitur</span> <span class='ocrx_word' id='word_1_289' title='bbox 1301 2497 1442 2552; x_wconf 79' lang='lat' dir='ltr'>salito.</span> 
     </span>
    </p>
   </div>
   <div class='ocr_carea' id='block_1_3' title="bbox 122 1419 360 1645">
    <p class='ocr_par' dir='ltr' id='par_1_3' title="bbox 122 1419 360 1645">
     <span class='ocr_line' id='line_1_38' title="bbox 122 1419 360 1477; baseline 0 -42"><span class='ocrx_word' id='word_1_290' title='bbox 122 1419 360 1477; x_wconf 95' lang='lat' dir='ltr'>  </span> 
     </span>
     <span class='ocr_line' id='line_1_39' title="bbox 135 1477 358 1645; baseline 0.027 -81"><span class='ocrx_word' id='word_1_291' title='bbox 135 1477 358 1645; x_wconf 95' lang='lat' dir='ltr'>   </span> 
     </span>
    </p>
   </div>
   <div class='ocr_carea' id='block_1_4' title="bbox 1517 314 1818 432">
    <p class='ocr_par' dir='ltr' id='par_1_4' title="bbox 1517 314 1818 432">
     <span class='ocr_line' id='line_1_40' title="bbox 1519 314 1685 366; baseline 0.006 -1"><span class='ocrx_word' id='word_1_292' title='bbox 1519 314 1685 366; x_wconf 85' lang='lat' dir='ltr'>Caseus</span> 
     </span>
     <span class='ocr_line' id='line_1_41' title="bbox 1517 382 1818 432; baseline 0.007 -2"><span class='ocrx_word' id='word_1_293' title='bbox 1517 382 1818 432; x_wconf 84' lang='lat' dir='ltr'>Secundarius</span> 
     </span>
    </p>
   </div>
   <div class='ocr_carea' id='block_1_5' title="bbox 1516 638 1715 691">
    <p class='ocr_par' dir='ltr' id='par_1_5' title="bbox 1516 638 1715 691">
     <span class='ocr_line' id='line_1_42' title="bbox 1516 638 1715 691; baseline -0.01 0"><span class='ocrx_word' id='word_1_294' title='bbox 1516 638 1715 691; x_wconf 69' lang='lat' dir='ltr'>Recoda</span> 
     </span>
    </p>
   </div>
   <div class='ocr_carea' id='block_1_6' title="bbox 1519 894 1682 942">
    <p class='ocr_par' dir='ltr' id='par_1_6' title="bbox 1519 894 1682 942">
     <span class='ocr_line' id='line_1_43' title="bbox 1519 894 1682 942; baseline 0 0"><span class='ocrx_word' id='word_1_295' title='bbox 1519 894 1682 942; x_wconf 87' lang='lat' dir='ltr'>Serum</span> 
     </span>
    </p>
   </div>
   <div class='ocr_carea' id='block_1_7' title="bbox 1508 1088 1837 1329">
    <p class='ocr_par' dir='ltr' id='par_1_7' title="bbox 1508 1088 1837 1329">
     <span class='ocr_line' id='line_1_44' title="bbox 1512 1088 1623 1136; baseline 0 -1"><span class='ocrx_word' id='word_1_296' title='bbox 1512 1088 1623 1136; x_wconf 80' lang='lat' dir='ltr'>Gala</span> 
     </span>
     <span class='ocr_line' id='line_1_45' title="bbox 1511 1150 1837 1217; baseline 0.009 -18"><span class='ocrx_word' id='word_1_297' title='bbox 1511 1150 1837 1217; x_wconf 70' lang='lat' dir='ltr'>Gaiaflopotae.</span> 
     </span>
     <span class='ocr_line' id='line_1_46' title="bbox 1510 1217 1690 1265; baseline -0.011 0"><span class='ocrx_word' id='word_1_298' title='bbox 1510 1217 1690 1265; x_wconf 55' lang='lat' dir='ltr'>lanarii</span> 
     </span>
     <span class='ocr_line' id='line_1_47' title="bbox 1508 1284 1705 1329; baseline -0.005 0"><span class='ocrx_word' id='word_1_299' title='bbox 1508 1284 1705 1329; x_wconf 81' lang='lat' dir='ltr'>Iuncatae</span> 
     </span>
    </p>
   </div>
   <div class='ocr_carea' id='block_1_8' title="bbox 1508 1344 1735 1401">
    <p class='ocr_par' dir='ltr' id='par_1_8' title="bbox 1508 1344 1735 1401">
     <span class='ocr_line' id='line_1_48' title="bbox 1508 1344 1735 1401; baseline -0.013 -4"><span class='ocrx_word' id='word_1_300' title='bbox 1508 1344 1735 1401; x_wconf 72' lang='lat' dir='ltr'>collaeteii</span> 
     </span>
    </p>
   </div>
   <div class='ocr_carea' id='block_1_9' title="bbox 1508 2111 1706 2163">
    <p class='ocr_par' dir='ltr' id='par_1_9' title="bbox 1508 2111 1706 2163">
     <span class='ocr_line' id='line_1_49' title="bbox 1508 2111 1706 2163; baseline 0.005 -1"><span class='ocrx_word' id='word_1_301' title='bbox 1508 2111 1706 2163; x_wconf 80' lang='lat' dir='ltr'>[ardum</span> 
     </span>
    </p>
   </div>
  </div>
 </body>
</html>
