2148 3068
264 424 512 475 Seorodon

266 487 481 538 Alliatum

259 746 488 800 scordion

260 936 443 986 Zibilini

263 1189 446 1240 Muschi

257 1384 466 1433 Ceramia

258 1447 473 1511 Mettetae·

255 2027 464 2082 Bonosus

657 236 701 283 A
720 235 829 284 llum
842 233 998 297 sponte
1009 233 1190 284 nascens
1201 237 1245 283 in
1256 238 1371 285 arnis
1383 236 1535 287 allium
1550 236 1737 289 uocant!
1753 238 1798 287 id
1810 236 1989 289 costum

718 312 775 346 ne
790 297 947 346 renasci
961 291 1094 360 possit
1105 302 1499 368 abiiciturtstatich
1512 317 1615 367 quae
1638 303 1907 354 deuorauere
1917 304 1991 351 alit

721 373 787 410 tes
800 365 1015 423 stupentes
1029 374 1167 410 manu
1180 369 1564 431 capiunturegtaece
1574 367 1815 418 Scotodon
1830 370 1987 432 agrion

720 439 830 473 nam
845 424 1089 473 Scorodon
1103 426 1253 475 allium
1266 428 1553 480 dicunt-Sunt
1601 436 1647 480 ui
1661 433 1844 481 ballium
1856 434 1916 479 ab
1929 432 1990 480 ha

721 489 862 538 lando
876 488 1136 550 aspirenttab
1147 491 1248 540 allio
1257 492 1453 543 alliaturn
1479 509 1566 546 con
1603 498 1846 545 imentum:
1862 495 1990 543 Plaut

720 565 789 600 tus
806 556 850 599 in
864 551 1227 601 mostellariarsme
1239 570 1311 602 me
1324 557 1470 607 alliato
1481 560 1612 625 fungi
1632 559 1836 610 fortunas
1849 572 1989 607 meas:

715 618 819 664 Cibi
831 615 1031 678 profesto
1042 615 1266 666 illiberales
1278 619 1428 668 allium
1444 625 1488 669 δι
1501 623 1713 672 allian‘izo
1724 623 1834 673 dura
1845 620 1988 673 meffo

716 696 819 730 rum
833 681 899 727 ilia
912 680 1022 743 quid
1035 682 1125 730 hoc
1138 686 1296 728 ueneni
1310 682 1428 731 saeuit
1438 688 1482 731 in
1494 688 1755 748 praecordiis,
1766 688 1992 739 Scordion

715 759 824 793 ueto
839 745 975 792 herba
987 744 1043 792 est
1053 745 1446 808 putrefadionibus
1462 750 1505 795 δι
1522 752 1704 799 uenenis
1715 756 1942 802 contraria:

653 813 694 858 A
709 809 881 857 rmillini
893 808 1029 870 alpini
1044 824 1191 857 mures
1206 810 1415 858 urserunt
1430 811 1529 858 dicii
1539 812 1732 864 candore
1741 820 1905 865 eximio
1914 819 1987 863 εόν

719 872 940 921 mendati:
955 873 1123 922 horum
1150 875 1337 937 pellibus
1351 888 1547 923 extrema
1559 876 1814 926 uestiumrut
1826 879 1986 928 limbo¹

715 935 969 986 circundare
981 938 1319 990 consueuerant:
1333 952 1454 986 nunc
1467 943 1569 988 totis
1584 938 1716 988 ueluti
1739 942 1989 991 anilinort‘r

718 1016 861 1067 quoq3
875 999 1129 1050 subduntur
1141 1004 1343 1054 uestibus:
1358 1006 1401 1050 &
1412 1004 1626 1053 iestorum
1639 1004 1876 1069 quandoq
1889 1005 1990 1053 delit

716 1068 941 1115 tatoribus
956 1066 1152 1133 stragulis
1177 1064 1283 1115 ficut
1295 1067 1464 1132 nigellae
1478 1068 1698 1131 talparum
1711 1072 1845 1118 etiam
1860 1067 1992 1132 pelles

717 1130 844 1181 molli
857 1130 1010 1192 pilos&
1025 1131 1247 1194 pellucido
1263 1134 1439 1197 nigrore
1448 1132 1711 1182 comedatae:
1725 1135 1814 1181 Sfit
1826 1136 1871 1181 δι
1885 1145 1989 1180 mut

718 1208 786 1243 res
799 1194 975 1245 odorati
987 1194 1042 1243 ilii
1054 1199 1219 1244 externi
1229 1211 1348 1260 quos
1375 1192 1428 1243 M
1433 1193 1597 1247 usehos
1609 1201 1745 1247 uoca't
1754 1195 1898 1250 odore
1907 1199 1988 1260 qui

720 1257 944 1371 Malchos
957 1258 1113 1310 dicitur
1125 1266 1169 1309 in
1181 1264 1345 1324 praecio
1358 1260 1498 1310 habiti
1509 1277 1521 1311 ε
1533 1262 1780 1327 Aethiopes
1803 1264 1988 1309 mittunt

721 1327 767 1372 &
829 1326 962 1372 rabia=

652 1390 698 1440 A.
713 1388 920 1452 mphorae
934 1387 1036 1438 uasa
1050 1391 1238 1438 uinaria:
1251 1403 1353 1453 quae
1369 1391 1413 1436 &
1427 1390 1633 1438 Ceramia
1649 1392 1694 1439 ἃ
1708 1385 1912 1439 Mettetae
1923 1391 1985 1440 die

715 1466 944 1502 cunturtac
957 1453 1088 1501 latine
1098 1451 1580 1517 quadrantaliazltalicae
1594 1454 1828 1518 amphorae
1843 1457 1988 1505 minos

715 1521 773 1565 ris
784 1514 999 1565 mensurae
1013 1516 1454 1566 suerfitzAnriochicae
1468 1522 1649 1568 maioris
1661 1517 1988 1581 duplo.Pliniu3

714 1582 773 1629 de
782 1581 1033 1629 liberalitate
1042 1581 1226 1629 Caesaris
1238 1581 1457 1631 dictatoris
1470 1582 1488 1630 ἰ
1500 1585 1620 1632 uino:
1630 1581 1764 1645 Qid
1777 1584 1823 1629 ni
1837 1584 1881 1629 δέ
1892 1583 1989 1631 Gaee

711 1642 779 1694 sar
792 1645 975 1692 dictator
998 1646 1213 1709 triumphi
1224 1644 1287 1693 sui
1311 1658 1442 1694 coena
1455 1649 1549 1694 uini
1560 1645 1713 1696 falerni
1737 1645 1986 1710 amphoras

709 1709 1015 1757 eentum‘Chii
1027 1708 1166 1758 cados
1178 1722 1362 1757 centum
1375 1714 1419 1757 in
1433 1713 1609 1760 couiuia
1623 1710 1846 1760 distribuit.
1859 1709 1988 1759 Idem

712 1770 979 1837 hispaniensi
992 1774 1228 1838 triumpho
1237 1775 1394 1822 chium
1409 1777 1452 1822 &
1468 1774 1688 1824 falernum
1702 1773 1987 1837 dedit.Epulo

711 1837 848 1887 uetoi'
861 1840 988 1888 tertio
1000 1839 1198 1887 cosulatu
1214 1836 1293 1889 suo
1304 1838 1985 1888 falernum‘chiumaelesbiiitamia

713 1905 941 1951 terninum
952 1918 965 1940 t
979 1918 1078 1968 quo
1090 1907 1288 1967 primum
1299 1915 1503 1967 tempore
1513 1913 1709 1967 quatuor
1717 1913 1878 1968 genera
1890 1904 1984 1950 uini

710 1965 912 2030 appofita
926 1969 1212 2018 constat:Hoc
1221 1979 1371 2015 autem
1387 1971 1451 2014 n6
1461 1966 1765 2016 omittendum
1777 1964 1906 2027 quod
1919 1978 1985 2015 tra

711 2030 777 2079 dit
789 2031 1012 2096 Vopiscus
1022 2030 1259 2081 Bonosum
1274 2034 1410 2095 princi
1444 2045 1516 2079 em
1531 2033 1673 2079 tritum
1687 2029 1979 2095 bibiffe'quan

714 2107 814 2143 tum
831 2097 1076 2145 hominum
1089 2095 1318 2147 nemotsed
1331 2097 1388 2144 εὖ
1423 2109 1494 2143 ern
1507 2097 1651 2144 tritum
1677 2091 1875 2144 minxisse
1886 2097 1980 2157 quai

710 2171 809 2208 tum
822 2163 867 2209 bi
872 2157 1064 2211 biffeteita
1077 2172 1127 2208 ut
1139 2174 1221 2208 nec
1231 2160 1487 2210 stomachus
1498 2173 1579 2207 nec
1599 2161 1719 2209 ueter
1731 2172 1809 2208 aut
1820 2158 1978 2208 uesfica

710 2226 966 2290 grauaretur
978 2246 992 2278 =
1006 2225 1045 2273 Is
1056 2239 1083 2273 a
1095 2227 1248 2274 Probo
1260 2229 1498 2273 certamine
1518 2221 1742 2289 superatus
1757 2225 1922 2291 laqueo
1935 2225 1983 2272 ui

710 2301 805 2337 tam
820 2303 924 2337 eum
938 2288 1096 2339 finisset
1108 2293 1211 2342 ioco
1221 2290 1374 2341 locum
1385 2287 1548 2338 deditA
1563 2288 1807 2354 mphoram
1816 2288 1982 2354 pendet

717 2367 762 2399 re
776 2357 840 2401 n6
853 2355 1074 2406 homieme

650 2417 694 2464 A
712 2420 824 2466 tocia
838 2420 1044 2485 quaeciirp
1057 2418 1351 2468 medicameta
1364 2421 1577 2482 c6ceptus
1588 2418 1751 2468 tolletia
1766 2433 1780 2458 t
1795 2420 1841 2467 δι
1851 2416 1977 2483 spem

710 2492 861 2544 partus
875 2482 1117 2535 adimentia
1126 2496 1177 2534 ut
1190 2488 1281 2536 iam
1295 2483 1461 2534 dietum
1474 2483 1530 2551 est
1540 2500 1552 2537 :
1563 2496 1672 2534 nam
1685 2494 1816 2550 totos
1828 2494 1982 2552 partus
