2148 3068
0 0 8 149 ἔ

0 150 5 295 ἱ

525 89 1109 146 VAHTVDINARIVM
1389 111 1447 146 ni.

106 223 262 278 guttur
275 206 516 275 spongions
528 203 834 271 quodamodo
845 205 1114 254 tumoribuse
1126 205 1204 268 qui
1217 202 1444 254 haerediw

106 281 154 324 rii
167 277 253 324 fere
264 275 360 323 sunt
370 270 562 320 nonullis
575 268 790 320 domibus
805 272 849 317 &
861 269 1131 317 nationibus:
1143 283 1362 332 aquarum
1377 283 1443 316 act

106 340 210 388 cidit
222 338 268 387 id
282 338 497 399 plerumq3
510 338 619 383 uitio
632 345 681 381 ut
695 331 834 382 tradit?
847 346 857 381 :
872 331 1008 379 Vnde
1018 333 1274 395 gutturosos
1287 328 1443 398 passim

101 401 276 451 uidem0
286 397 611 448 nouocomeses
626 401 669 446 δι
686 412 709 445 e
724 395 995 459 trdspadanis
1007 397 1350 460 plurimosrsicut
1363 399 1442 446 calz

104 470 148 514 ui
159 465 266 515 oiim
280 461 484 522 Myconii
497 462 703 510 dicuntur
715 475 902 510 omnes:
917 461 1080 509 Plinius
1093 460 1149 508 de
1169 460 1444 512 fiiccin021101

101 530 215 592 dieq3
228 526 355 575 trans
344 526 623 589 padanarum
636 527 870 590 agrestibus
884 526 1083 573 foeminis
1096 527 1333 574 monilium
1350 529 1445 575 uice

101 591 273 640 succina
284 591 552 655 gestantibus
564 596 761 638 maxime
771 590 940 639 decoris
951 591 1102 653 gratia:
1117 587 1190 637 sed
1203 593 1248 638 &
1262 590 1441 642 medici!

100 654 375 719 naerquando
384 654 571 703 ‘tonsilis
582 653 770 703 creditur
782 654 959 704 resistere
971 656 1014 700 &
1031 652 1226 703 faucium
1242 658 1354 705 uitiis
1367 672 1442 706 ua!

100 720 168 767 rio
178 732 337 782 genere
361 733 582 783 aquarum
595 722 714 767 iuxta
730 717 826 769 illos
849 716 1077 768 infestante
1086 728 1265 783 guttura
1279 722 1323 768 &
1338 725 1440 770 uicit

100 794 183 830 nas
194 797 241 830 ca
248 795 361 833 rnes.

138 870 150 882 x
164 870 181 880 =
261 863 273 870 ²
298 891 300 893 ,
362 847 591 895 Pisthoton
615 846 806 894 dicimus
832 858 884 891 ex
897 859 1045 909 gtaeco
1070 845 1262 910 quando
1289 854 1436 901 ceruix

196 921 199 929 ⁴
307 913 309 915 ’
360 912 600 959 anneditur
611 910 806 974 scapulis:
819 920 1002 959 tetanon
1016 924 1120 959 cum
1134 909 1241 960 flecti
1252 926 1346 967 non
1359 931 1435 981 90'

269 990 290 1020 s
361 976 434 1023 test
447 974 503 1022 de
513 989 610 1038 quo
622 987 671 1022 ut
684 979 848 1038 opinor
861 974 1071 1027 Serenus:

255 1084 257 1086 .
277 1094 292 1097 -
362 1038 458 1089 Etsi
469 1042 659 1087 ceruices
671 1037 875 1102 durataq3
889 1038 1000 1086 colla
1014 1040 1235 1107 rigebunt:

98 1098 275 1156 Anse‘ris
286 1121 340 1155 ex
352 1104 508 1167 pingui
521 1105 740 1167 torpentia
751 1102 861 1152 colia
875 1104 1066 1155 fouebis.

98 1175 162 1220 At
172 1173 336 1235 gibbus
350 1173 394 1216 in
405 1165 588 1231 scapulis
598 1170 820 1230 praecipue
833 1177 975 1215 tumet
987 1170 1096 1216 inter
1107 1170 1212 1216 uitia
1236 1168 1437 1232 corporis

97 1249 195 1284 non
207 1235 396 1283 morbos
409 1228 753 1281 numerandum
765 1244 862 1293 quo
873 1231 1108 1294 gibberosr:
1123 1237 1200 1296 qui
1213 1233 1329 1282 fiunt
1343 1231 1374 1281 si
1389 1237 1434 1279 in

95 1298 280 1362 septima
292 1308 413 1360 parte
424 1297 564 1343 arietis
577 1294 814 1342 habuerint
824 1293 1128 1359 horoscopum
1143 1311 1192 1344 ut
1202 1297 1327 1345 sentit
1341 1298 1437 1345 Iuiir

96 1377 151 1410 us
164 1364 374 1411 Firmicus
388 1363 520 1411 imvm
532 1393 544 1405 .
555 1351 707 1418 Quid
717 1369 868 1406 autem
883 1356 1058 1408 differat
1080 1363 1271 1411 morbus
1286 1376 1311 1409 a
1325 1365 1435 1410 uitio

97 1427 230 1476 docet
245 1431 330 1472 Au.
345 1423 506 1473 Genius
516 1421 630 1472 libro
641 1431 804 1487 quarto
820 1422 1018 1471 noctium
1032 1428 1265 1475 atticarum
1280 1426 1374 1474 :Est
1388 1430 1434 1473 δι

94 1487 426 1541 Brouchocoela
438 1489 484 1533 in
496 1488 659 1534 ceruice
671 1498 822 1535 tumor
838 1485 962 1535 haud
975 1489 1211 1545 mediocris
1224 1494 1270 1540 δε
1283 1501 1436 1541 rotunt

92 1556 180 1605 dus
192 1554 248 1601 de
261 1569 357 1617 quo
365 1549 517 1601 Celsus
529 1552 733 1607 meminit
748 1552 792 1597 in
807 1549 1011 1613 septimo.

368 1676 582 1726 Μ
593 1615 768 1726 ἑξῆς
778 1616 1438 1728 02‘1

169 1719 351 1808 {3933
365 1742 553 1791 fetorem
569 1693 751 1789 Hirciigifi
762 1739 818 1788 fic
828 1744 1088 1805 appellatus,
1101 1745 1239 1793 Hora.
1254 1694 1327 1791 ξι]
1341 1693 1438 1793 prat

121 1817 223 1848 ‘'“20
365 1809 432 1853 uis
445 1803 616 1853 hirsutis
628 1806 760 1852 cubet
772 1805 917 1852 hircus
932 1806 1048 1855 iaus.
1058 1808 1204 1856 Catul.
1218 1809 1341 1857 Valle
1371 1811 1436 1857 ub

93 1870 202 1930 alayz
218 1881 318 1919 trux
335 1871 533 1918 habitare
543 1870 763 1931 capereAb
790 1870 867 1917 alis
881 1872 959 1918 aflt
972 1870 1031 1918 ad
1044 1885 1215 1937 ungues
1227 1871 1435 1921 nascunt‘:

91 1933 307 1998 chiragra
320 1935 507 1983 morbus
521 1933 768 1986 articularis:
782 1935 1061 1994 paronychia
1072 1951 1177 1998 quae
1190 1937 1434 1987 rediuium:

92 1999 254 2047 Pauus:
267 1997 564 2062 phygethlon:
580 1998 851 2060 Pterygium:
865 2001 908 2045 &
925 2013 1116 2052 uerrucae
1128 2016 1230 2065 quae
1242 2006 1374 2051 etiam
1387 2007 1434 2053 in

94 2060 185 2107 aliis
195 2064 394 2125 partibus
406 2064 603 2124 corporis
616 2060 1134 2113 intumescunttserenuS.

93 2124 320 2173 Interdum
334 2127 465 2174 existit
482 2128 598 2189 turpi
610 2139 788 2174 uertuca
801 2125 962 2190 papilla
1148 2170 1153 2173 ,

96 2188 212 2235 Hinc
225 2190 461 2252 quondam
475 2192 614 2240 Fabio
627 2203 784 2238 uerum
799 2201 1060 2256 cognomen
1072 2191 1258 2242 adhaesst

92 2249 211 2312 Qui
223 2252 336 2302 solus
348 2258 495 2316 patriae
508 2253 761 2303 cunctando
771 2255 944 2302 restituit
956 2269 1063 2308 rem:

92 2313 144 2361 ld
158 2321 311 2376 poterit
322 2322 479 2367 uitium
490 2317 666 2383 sanguis
680 2331 827 2366 curare
839 2318 1022 2374 lacertae.

140 2377 171 2429 s
221 2380 484 2429 Tomachus
497 2385 541 2429 in
553 2397 650 2446 quo
662 2383 749 2432 cibi
759 2387 1074 2446 cocoquuntur
1086 2395 1160 2431 rex
1172 2385 1369 2449 corporis
1382 2387 1428 2435 δι

219 2455 341 2509 pater
355 2445 543 2496 familias
559 2450 719 2500 merito
731 2449 990 2499 nominatur
1002 2449 1208 2498 Serenus:

1509 330 1737 381 Gutturosi

1508 455 1721 519 Myconii

1503 903 1701 957 Tetanos

1499 1224 1677 1272 Gibbus

1500 1286 1731 1340 Gibberofi

1498 1542 1801 1596 Brochocoeia

1497 1730 1675 1796 Tragos

1496 1988 1712 2054 chiragra

1495 2050 1777 2116 paronychia

1495 2117 1702 2168 verrucae
