<?xml version="1.0" encoding="UTF-8"?>
<!DOCTYPE html PUBLIC "-//W3C//DTD XHTML 1.0 Transitional//EN"
    "http://www.w3.org/TR/xhtml1/DTD/xhtml1-transitional.dtd">
<html xmlns="http://www.w3.org/1999/xhtml" xml:lang="en" lang="en">
 <head>
  <title>
</title>
<meta http-equiv="Content-Type" content="text/html;charset=utf-8" />
  <meta name='ocr-system' content='tesseract 3.04.00' />
  <meta name='ocr-capabilities' content='ocr_page ocr_carea ocr_par ocr_line ocrx_word'/>
</head>
<body>
  <div class='ocr_page' id='page_1' title='image "./franciscimariigr00grap_0125.png"; bbox 0 0 2148 3068; ppageno 0'>
   <div class='ocr_carea' id='block_1_1' title="bbox 446 144 1394 214">
    <p class='ocr_par' dir='ltr' id='par_1_1' title="bbox 446 144 1394 214">
     <span class='ocr_line' id='line_1_1' title="bbox 446 144 1394 214; baseline -0.018 -11"><span class='ocrx_word' id='word_1_1' title='bbox 446 144 874 208; x_wconf 71' lang='lat' dir='ltr'>LEPORARWM</span> <span class='ocrx_word' id='word_1_2' title='bbox 1324 163 1394 214; x_wconf 52' lang='lat'>41,</span> 
     </span>
    </p>
   </div>
   <div class='ocr_carea' id='block_1_2' title="bbox 0 257 1803 2629">
    <p class='ocr_par' dir='ltr' id='par_1_2' title="bbox 0 257 1803 2432">
     <span class='ocr_line' id='line_1_2' title="bbox 57 257 1444 335; baseline -0.003 -27"><span class='ocrx_word' id='word_1_3' title='bbox 57 283 150 319; x_wconf 69' lang='lat' dir='ltr'>nua</span> <span class='ocrx_word' id='word_1_4' title='bbox 160 267 385 335; x_wconf 70' lang='lat' dir='ltr'>geratffiue</span> <span class='ocrx_word' id='word_1_5' title='bbox 397 278 600 316; x_wconf 58' lang='grc' dir='ltr'><strong><em>«ποτω</em></strong></span> <span class='ocrx_word' id='word_1_6' title='bbox 611 278 628 311; x_wconf 84' lang='grc' dir='ltr'><strong><em>ν</em></strong></span> <span class='ocrx_word' id='word_1_7' title='bbox 642 276 690 312; x_wconf 60' lang='grc' dir='ltr'>ιιι</span> <span class='ocrx_word' id='word_1_8' title='bbox 698 274 845 330; x_wconf 60' lang='grc' dir='ltr'>ραι-τω</span> <span class='ocrx_word' id='word_1_9' title='bbox 856 273 873 308; x_wconf 83' lang='grc' dir='ltr'>ν</span> <span class='ocrx_word' id='word_1_10' title='bbox 889 260 981 308; x_wconf 80' lang='lat' dir='ltr'>hoc</span> <span class='ocrx_word' id='word_1_11' title='bbox 993 257 1049 305; x_wconf 80' lang='lat' dir='ltr'>est</span> <span class='ocrx_word' id='word_1_12' title='bbox 1061 274 1084 308; x_wconf 90' lang='lat' dir='ltr'>a</span> <span class='ocrx_word' id='word_1_13' title='bbox 1100 257 1278 308; x_wconf 64' lang='lat' dir='ltr'>cornib‘)</span> <span class='ocrx_word' id='word_1_14' title='bbox 1290 272 1395 323; x_wconf 73' lang='lat' dir='ltr'>quae</span> <span class='ocrx_word' id='word_1_15' title='bbox 1441 299 1444 304; x_wconf 90' lang='lat'>.</span> 
     </span>
     <span class='ocr_line' id='line_1_3' title="bbox 58 322 1395 398; baseline -0.008 -17"><span class='ocrx_word' id='word_1_16' title='bbox 58 339 257 398; x_wconf 85' lang='lat' dir='ltr'>primum</span> <span class='ocrx_word' id='word_1_17' title='bbox 270 335 401 382; x_wconf 85' lang='lat' dir='ltr'>bimis</span> <span class='ocrx_word' id='word_1_18' title='bbox 423 331 594 380; x_wconf 74' lang='lat' dir='ltr'>orifitur</span> <span class='ocrx_word' id='word_1_19' title='bbox 607 327 816 390; x_wconf 83' lang='lat' dir='ltr'>simplicia</span> <span class='ocrx_word' id='word_1_20' title='bbox 829 323 1014 391; x_wconf 86' lang='lat' dir='ltr'>quidem</span> <span class='ocrx_word' id='word_1_21' title='bbox 1030 326 1073 371; x_wconf 85' lang='lat'>&amp;</span> <span class='ocrx_word' id='word_1_22' title='bbox 1090 325 1198 372; x_wconf 69' lang='lat' dir='ltr'>tecta</span> <span class='ocrx_word' id='word_1_23' title='bbox 1211 322 1267 372; x_wconf 90' lang='lat' dir='ltr'>ad</span> <span class='ocrx_word' id='word_1_24' title='bbox 1281 323 1395 372; x_wconf 86' lang='lat' dir='ltr'>subu</span> 
     </span>
     <span class='ocr_line' id='line_1_4' title="bbox 58 387 1729 456; baseline -0.006 -9"><span class='ocrx_word' id='word_1_25' title='bbox 58 401 202 448; x_wconf 82' lang='lat' dir='ltr'>larum</span> <span class='ocrx_word' id='word_1_26' title='bbox 215 393 701 456; x_wconf 74' lang='lat' dir='ltr'>similitudinemrquam</span> <span class='ocrx_word' id='word_1_27' title='bbox 717 392 781 441; x_wconf 92' lang='lat' dir='ltr'>ob</span> <span class='ocrx_word' id='word_1_28' title='bbox 795 406 887 439; x_wconf 86' lang='lat' dir='ltr'>rem</span> <span class='ocrx_word' id='word_1_29' title='bbox 902 387 1144 438; x_wconf 86' lang='lat' dir='ltr'>subulones</span> <span class='ocrx_word' id='word_1_30' title='bbox 1157 402 1233 452; x_wconf 85' lang='lat' dir='ltr'>per</span> <span class='ocrx_word' id='word_1_31' title='bbox 1245 387 1290 436; x_wconf 86' lang='lat' dir='ltr'>id</span> <span class='ocrx_word' id='word_1_32' title='bbox 1302 399 1394 435; x_wconf 89' lang='lat' dir='ltr'>tem</span> <span class='ocrx_word' id='word_1_33' title='bbox 1459 387 1607 435; x_wconf 84' lang='lat' dir='ltr'>Subul</span> <span class='ocrx_word' id='word_1_34' title='bbox 1617 401 1729 441; x_wconf 86' lang='lat' dir='ltr'>ones</span> 
     </span>
     <span class='ocr_line' id='line_1_5' title="bbox 60 452 1396 526; baseline -0.007 -17"><span class='ocrx_word' id='word_1_35' title='bbox 60 476 146 526; x_wconf 77' lang='lat' dir='ltr'>pus</span> <span class='ocrx_word' id='word_1_36' title='bbox 159 459 500 524; x_wconf 70' lang='lat' dir='ltr'>appellanturrln</span> <span class='ocrx_word' id='word_1_37' title='bbox 514 461 614 504; x_wconf 81' lang='lat' dir='ltr'>imis</span> <span class='ocrx_word' id='word_1_38' title='bbox 628 457 959 506; x_wconf 73' lang='lat' dir='ltr'>cornibusznam</span> <span class='ocrx_word' id='word_1_39' title='bbox 972 452 1092 500; x_wconf 88' lang='lat' dir='ltr'>senes</span> <span class='ocrx_word' id='word_1_40' title='bbox 1105 454 1174 508; x_wconf 85' lang='lat' dir='ltr'>his</span> <span class='ocrx_word' id='word_1_41' title='bbox 1187 464 1396 502; x_wconf 73' lang='lat' dir='ltr'>carentrta</span> 
     </span>
     <span class='ocr_line' id='line_1_6' title="bbox 60 515 1398 587; baseline -0.01 -14"><span class='ocrx_word' id='word_1_42' title='bbox 60 529 147 574; x_wconf 88' lang='lat' dir='ltr'>mis</span> <span class='ocrx_word' id='word_1_43' title='bbox 156 523 212 576; x_wconf 87' lang='lat' dir='ltr'>ad</span> <span class='ocrx_word' id='word_1_44' title='bbox 225 522 355 570; x_wconf 85' lang='lat' dir='ltr'>usum</span> <span class='ocrx_word' id='word_1_45' title='bbox 371 534 535 587; x_wconf 86' lang='lat' dir='ltr'>pugnae</span> <span class='ocrx_word' id='word_1_46' title='bbox 547 533 649 570; x_wconf 88' lang='lat' dir='ltr'>ante</span> <span class='ocrx_word' id='word_1_47' title='bbox 673 520 869 569; x_wconf 88' lang='lat' dir='ltr'>frontem</span> <span class='ocrx_word' id='word_1_48' title='bbox 884 517 1182 584; x_wconf 84' lang='lat' dir='ltr'>pendentibus</span> <span class='ocrx_word' id='word_1_49' title='bbox 1206 532 1311 580; x_wconf 86' lang='lat' dir='ltr'>quae</span> <span class='ocrx_word' id='word_1_50' title='bbox 1324 515 1398 566; x_wconf 65' lang='lat' dir='ltr'>adae</span> 
     </span>
     <span class='ocr_line' id='line_1_7' title="bbox 58 577 1755 649; baseline -0.006 -12"><span class='ocrx_word' id='word_1_51' title='bbox 58 587 264 637; x_wconf 87' lang='lat' dir='ltr'>minicula</span> <span class='ocrx_word' id='word_1_52' title='bbox 279 586 689 636; x_wconf 81' lang='lat' dir='ltr'>dixemnt.Cornua</span> <span class='ocrx_word' id='word_1_53' title='bbox 704 583 791 649; x_wconf 85' lang='lat' dir='ltr'>ipsa</span> <span class='ocrx_word' id='word_1_54' title='bbox 807 583 981 648; x_wconf 78' lang='lat' dir='ltr'>singulo</span> <span class='ocrx_word' id='word_1_55' title='bbox 992 595 1115 633; x_wconf 87' lang='lat' dir='ltr'>anno</span> <span class='ocrx_word' id='word_1_56' title='bbox 1128 580 1278 629; x_wconf 82' lang='lat' dir='ltr'>mense</span> <span class='ocrx_word' id='word_1_57' title='bbox 1289 583 1401 646; x_wconf 71' lang='lat' dir='ltr'>apris</span> <span class='ocrx_word' id='word_1_58' title='bbox 1465 577 1755 631; x_wconf 82' lang='lat' dir='ltr'>Adminicnla</span> 
     </span>
     <span class='ocr_line' id='line_1_8' title="bbox 57 645 1399 714; baseline -0.005 -14"><span class='ocrx_word' id='word_1_59' title='bbox 57 652 87 700; x_wconf 91' lang='lat' dir='ltr'>li</span> <span class='ocrx_word' id='word_1_60' title='bbox 97 656 309 700; x_wconf 87' lang='lat' dir='ltr'>amittunt</span> <span class='ocrx_word' id='word_1_61' title='bbox 323 651 430 701; x_wconf 87' lang='lat' dir='ltr'>locis</span> <span class='ocrx_word' id='word_1_62' title='bbox 443 648 698 698; x_wconf 82' lang='lat' dir='ltr'>difficilimis</span> <span class='ocrx_word' id='word_1_63' title='bbox 713 654 756 698; x_wconf 75' lang='grc' dir='ltr'>δε</span> <span class='ocrx_word' id='word_1_64' title='bbox 769 665 862 714; x_wconf 87' lang='lat' dir='ltr'>qua</span> <span class='ocrx_word' id='word_1_65' title='bbox 876 650 1060 697; x_wconf 84' lang='lat' dir='ltr'>inueniri</span> <span class='ocrx_word' id='word_1_66' title='bbox 1071 645 1399 711; x_wconf 72' lang='lat' dir='ltr'>nequeanunde</span> 
     </span>
     <span class='ocr_line' id='line_1_9' title="bbox 55 708 1764 780; baseline -0.005 -18"><span class='ocrx_word' id='word_1_67' title='bbox 55 718 346 779; x_wconf 88' lang='lat' dir='ltr'>prouerbium</span> <span class='ocrx_word' id='word_1_68' title='bbox 361 713 466 762; x_wconf 89' lang='lat' dir='ltr'>illud</span> <span class='ocrx_word' id='word_1_69' title='bbox 478 718 810 780; x_wconf 72' lang='lat' dir='ltr'>emanaujtequa</span> <span class='ocrx_word' id='word_1_70' title='bbox 822 716 936 769; x_wconf 88' lang='lat' dir='ltr'>cerui</span> <span class='ocrx_word' id='word_1_71' title='bbox 951 713 1205 775; x_wconf 87' lang='lat' dir='ltr'>relinquunt</span> <span class='ocrx_word' id='word_1_72' title='bbox 1218 723 1402 761; x_wconf 85' lang='lat' dir='ltr'>cornua:</span> <span class='ocrx_word' id='word_1_73' title='bbox 1467 708 1764 763; x_wconf 84' lang='lat' dir='ltr'>Prouetbium</span> 
     </span>
     <span class='ocr_line' id='line_1_10' title="bbox 53 778 1404 843; baseline -0.003 -16"><span class='ocrx_word' id='word_1_74' title='bbox 53 792 216 828; x_wconf 88' lang='lat' dir='ltr'>cauent</span> <span class='ocrx_word' id='word_1_75' title='bbox 226 782 345 831; x_wconf 88' lang='lat' dir='ltr'>enim</span> <span class='ocrx_word' id='word_1_76' title='bbox 362 793 418 826; x_wconf 89' lang='lat' dir='ltr'>ne</span> <span class='ocrx_word' id='word_1_77' title='bbox 430 783 618 827; x_wconf 85' lang='lat' dir='ltr'>inermes</span> <span class='ocrx_word' id='word_1_78' title='bbox 628 781 988 843; x_wconf 65' lang='lat' dir='ltr'>reperianturztaq</span> <span class='ocrx_word' id='word_1_79' title='bbox 999 791 1104 824; x_wconf 88' lang='lat' dir='ltr'>cum</span> <span class='ocrx_word' id='word_1_80' title='bbox 1117 778 1327 826; x_wconf 86' lang='lat' dir='ltr'>cornibus</span> <span class='ocrx_word' id='word_1_81' title='bbox 1340 791 1404 824; x_wconf 72' lang='lat' dir='ltr'>art</span> 
     </span>
     <span class='ocr_line' id='line_1_11' title="bbox 57 839 1403 906; baseline -0.004 -14"><span class='ocrx_word' id='word_1_82' title='bbox 57 858 133 892; x_wconf 89' lang='lat' dir='ltr'>ma</span> <span class='ocrx_word' id='word_1_83' title='bbox 148 841 222 893; x_wconf 91' lang='lat' dir='ltr'>sua</span> <span class='ocrx_word' id='word_1_84' title='bbox 238 844 608 893; x_wconf 75' lang='lat' dir='ltr'>amiserintruitam</span> <span class='ocrx_word' id='word_1_85' title='bbox 623 849 782 891; x_wconf 87' lang='lat' dir='ltr'>uiuunt</span> <span class='ocrx_word' id='word_1_86' title='bbox 795 839 1094 906; x_wconf 84' lang='lat' dir='ltr'>longissimam</span> <span class='ocrx_word' id='word_1_87' title='bbox 1110 840 1184 889; x_wconf 87' lang='lat' dir='ltr'>hic</span> <span class='ocrx_word' id='word_1_88' title='bbox 1195 842 1346 891; x_wconf 81' lang='lat' dir='ltr'>Poetae</span> <span class='ocrx_word' id='word_1_89' title='bbox 1360 840 1403 888; x_wconf 64' lang='lat' dir='ltr'>il!</span> 
     </span>
     <span class='ocr_line' id='line_1_12' title="bbox 56 905 1404 958; baseline -0.002 -3"><span class='ocrx_word' id='word_1_90' title='bbox 56 906 137 956; x_wconf 90' lang='lat' dir='ltr'>lud</span> <span class='ocrx_word' id='word_1_91' title='bbox 150 909 388 958; x_wconf 81' lang='lat' dir='ltr'>est:uiuacis</span> <span class='ocrx_word' id='word_1_92' title='bbox 403 921 570 957; x_wconf 89' lang='lat' dir='ltr'>cornua</span> <span class='ocrx_word' id='word_1_93' title='bbox 584 911 710 957; x_wconf 87' lang='lat' dir='ltr'>cetui:</span> <span class='ocrx_word' id='word_1_94' title='bbox 726 910 769 954; x_wconf 90' lang='lat'><strong>&amp;</strong></span> <span class='ocrx_word' id='word_1_95' title='bbox 781 906 1034 955; x_wconf 81' lang='lat' dir='ltr'>Columella</span> <span class='ocrx_word' id='word_1_96' title='bbox 1047 910 1103 953; x_wconf 86' lang='lat' dir='ltr'>rei</span> <span class='ocrx_word' id='word_1_97' title='bbox 1115 905 1278 954; x_wconf 83' lang='lat' dir='ltr'>rusticae</span> <span class='ocrx_word' id='word_1_98' title='bbox 1291 905 1404 952; x_wconf 63' lang='lat' dir='ltr'>decit</span> 
     </span>
     <span class='ocr_line' id='line_1_13' title="bbox 59 968 1786 1035; baseline -0.003 -16"><span class='ocrx_word' id='word_1_99' title='bbox 59 986 311 1023; x_wconf 76' lang='lat' dir='ltr'>motceruus</span> <span class='ocrx_word' id='word_1_100' title='bbox 324 972 582 1035; x_wconf 76' lang='lat' dir='ltr'>copluribus</span> <span class='ocrx_word' id='word_1_101' title='bbox 597 975 724 1020; x_wconf 88' lang='lat' dir='ltr'>annis</span> <span class='ocrx_word' id='word_1_102' title='bbox 736 970 923 1018; x_wconf 81' lang='lat' dir='ltr'>sustineri</span> <span class='ocrx_word' id='word_1_103' title='bbox 936 971 1196 1033; x_wconf 75' lang='lat' dir='ltr'>potestmam</span> <span class='ocrx_word' id='word_1_104' title='bbox 1213 969 1290 1017; x_wconf 92' lang='lat' dir='ltr'>diu</span> <span class='ocrx_word' id='word_1_105' title='bbox 1302 972 1405 1018; x_wconf 91' lang='lat' dir='ltr'>iuue</span> <span class='ocrx_word' id='word_1_106' title='bbox 1467 968 1618 1017; x_wconf 85' lang='lat' dir='ltr'>Viuax</span> <span class='ocrx_word' id='word_1_107' title='bbox 1629 978 1786 1016; x_wconf 75' lang='lat' dir='ltr'>ceruus</span> 
     </span>
     <span class='ocr_line' id='line_1_14' title="bbox 61 1032 1405 1100; baseline -0.001 -17"><span class='ocrx_word' id='word_1_108' title='bbox 61 1041 131 1084; x_wconf 85' lang='lat' dir='ltr'>nis</span> <span class='ocrx_word' id='word_1_109' title='bbox 144 1033 441 1100; x_wconf 67' lang='lat' dir='ltr'>poffideturtcp</span> <span class='ocrx_word' id='word_1_110' title='bbox 456 1040 539 1085; x_wconf 84' lang='lat' dir='ltr'>aeui</span> <span class='ocrx_word' id='word_1_111' title='bbox 552 1036 765 1100; x_wconf 87' lang='lat' dir='ltr'>longioris</span> <span class='ocrx_word' id='word_1_112' title='bbox 777 1033 968 1099; x_wconf 85' lang='lat' dir='ltr'>spatium</span> <span class='ocrx_word' id='word_1_113' title='bbox 981 1032 1155 1083; x_wconf 85' lang='lat' dir='ltr'>sortitus</span> <span class='ocrx_word' id='word_1_114' title='bbox 1169 1035 1238 1082; x_wconf 80' lang='lat' dir='ltr'>est:</span> <span class='ocrx_word' id='word_1_115' title='bbox 1251 1034 1405 1082; x_wconf 71' lang='lat' dir='ltr'>Costat</span> 
     </span>
     <span class='ocr_line' id='line_1_15' title="bbox 62 1099 1405 1163; baseline 0 -17"><span class='ocrx_word' id='word_1_116' title='bbox 62 1104 183 1147; x_wconf 88' lang='lat' dir='ltr'>enim</span> <span class='ocrx_word' id='word_1_117' title='bbox 197 1114 247 1148; x_wconf 88' lang='lat' dir='ltr'>ut</span> <span class='ocrx_word' id='word_1_118' title='bbox 259 1102 401 1149; x_wconf 83' lang='lat' dir='ltr'>scribit</span> <span class='ocrx_word' id='word_1_119' title='bbox 423 1100 606 1151; x_wconf 85' lang='lat' dir='ltr'>Solinus</span> <span class='ocrx_word' id='word_1_120' title='bbox 627 1100 804 1163; x_wconf 88' lang='lat' dir='ltr'>aliquos</span> <span class='ocrx_word' id='word_1_121' title='bbox 816 1099 912 1163; x_wconf 84' lang='lat' dir='ltr'>post</span> <span class='ocrx_word' id='word_1_122' title='bbox 927 1111 1106 1147; x_wconf 84' lang='lat' dir='ltr'>centum</span> <span class='ocrx_word' id='word_1_123' title='bbox 1131 1111 1277 1148; x_wconf 86' lang='lat' dir='ltr'>annos</span> <span class='ocrx_word' id='word_1_124' title='bbox 1298 1113 1405 1146; x_wconf 88' lang='lat' dir='ltr'>cum</span> 
     </span>
     <span class='ocr_line' id='line_1_16' title="bbox 63 1160 1407 1228; baseline 0 -18"><span class='ocrx_word' id='word_1_125' title='bbox 63 1168 301 1228; x_wconf 83' lang='lat' dir='ltr'>torquibus</span> <span class='ocrx_word' id='word_1_126' title='bbox 315 1170 454 1213; x_wconf 82' lang='lat' dir='ltr'>aureis</span> <span class='ocrx_word' id='word_1_127' title='bbox 466 1179 584 1228; x_wconf 88' lang='lat' dir='ltr'>quos</span> <span class='ocrx_word' id='word_1_128' title='bbox 596 1163 846 1214; x_wconf 74' lang='lat' dir='ltr'>Alexander</span> <span class='ocrx_word' id='word_1_129' title='bbox 858 1176 1053 1228; x_wconf 85' lang='lat' dir='ltr'>magnus</span> <span class='ocrx_word' id='word_1_130' title='bbox 1067 1163 1296 1212; x_wconf 79' lang='lat' dir='ltr'>addiderat</span> <span class='ocrx_word' id='word_1_131' title='bbox 1307 1160 1407 1210; x_wconf 74' lang='lat' dir='ltr'>fuit&gt;</span> 
     </span>
     <span class='ocr_line' id='line_1_17' title="bbox 63 1226 1407 1294; baseline 0 -19"><span class='ocrx_word' id='word_1_132' title='bbox 63 1228 106 1275; x_wconf 92' lang='lat' dir='ltr'>se</span> <span class='ocrx_word' id='word_1_133' title='bbox 120 1227 512 1291; x_wconf 66' lang='lat' dir='ltr'>captosmdopertis</span> <span class='ocrx_word' id='word_1_134' title='bbox 525 1234 613 1277; x_wconf 86' lang='lat' dir='ltr'>iam</span> <span class='ocrx_word' id='word_1_135' title='bbox 627 1239 726 1276; x_wconf 87' lang='lat' dir='ltr'>cute</span> <span class='ocrx_word' id='word_1_136' title='bbox 737 1232 781 1275; x_wconf 92' lang='lat' dir='ltr'>in</span> <span class='ocrx_word' id='word_1_137' title='bbox 796 1241 961 1294; x_wconf 84' lang='lat' dir='ltr'>magna</span> <span class='ocrx_word' id='word_1_138' title='bbox 975 1227 1185 1277; x_wconf 80' lang='lat' dir='ltr'>obesitate</span> <span class='ocrx_word' id='word_1_139' title='bbox 1199 1240 1280 1274; x_wconf 90' lang='lat' dir='ltr'>nec</span> <span class='ocrx_word' id='word_1_140' title='bbox 1292 1226 1407 1275; x_wconf 85' lang='lat' dir='ltr'>dum</span> 
     </span>
     <span class='ocr_line' id='line_1_18' title="bbox 64 1290 1408 1357; baseline -0.001 -18"><span class='ocrx_word' id='word_1_141' title='bbox 64 1290 278 1339; x_wconf 84' lang='lat' dir='ltr'>indicium</span> <span class='ocrx_word' id='word_1_142' title='bbox 291 1291 401 1340; x_wconf 83' lang='lat' dir='ltr'>senis</span> <span class='ocrx_word' id='word_1_143' title='bbox 415 1293 875 1357; x_wconf 76' lang='lat' dir='ltr'>praeferenteszfebtem</span> <span class='ocrx_word' id='word_1_144' title='bbox 892 1304 986 1342; x_wconf 87' lang='lat' dir='ltr'>non</span> <span class='ocrx_word' id='word_1_145' title='bbox 1000 1290 1167 1342; x_wconf 79' lang='lat' dir='ltr'>sentifit:</span> <span class='ocrx_word' id='word_1_146' title='bbox 1180 1295 1290 1356; x_wconf 89' lang='lat' dir='ltr'>quin</span> <span class='ocrx_word' id='word_1_147' title='bbox 1303 1292 1408 1338; x_wconf 88' lang='lat' dir='ltr'>huic</span> 
     </span>
     <span class='ocr_line' id='line_1_19' title="bbox 71 1354 1803 1421; baseline -0.001 -17"><span class='ocrx_word' id='word_1_148' title='bbox 71 1360 239 1404; x_wconf 84' lang='lat' dir='ltr'>morbo</span> <span class='ocrx_word' id='word_1_149' title='bbox 270 1355 526 1405; x_wconf 84' lang='lat' dir='ltr'>medentur:</span> <span class='ocrx_word' id='word_1_150' title='bbox 541 1355 781 1420; x_wconf 82' lang='lat' dir='ltr'>Qasdam</span> <span class='ocrx_word' id='word_1_151' title='bbox 806 1371 891 1407; x_wconf 90' lang='lat' dir='ltr'>nos</span> <span class='ocrx_word' id='word_1_152' title='bbox 904 1361 1047 1421; x_wconf 90' lang='lat' dir='ltr'>inquit</span> <span class='ocrx_word' id='word_1_153' title='bbox 1061 1360 1226 1406; x_wconf 87' lang='lat' dir='ltr'>Plinius</span> <span class='ocrx_word' id='word_1_154' title='bbox 1250 1358 1409 1405; x_wconf 77' lang='lat' dir='ltr'>Princil</span> <span class='ocrx_word' id='word_1_155' title='bbox 1472 1363 1648 1411; x_wconf 83' lang='lat' dir='ltr'>Contra</span> <span class='ocrx_word' id='word_1_156' title='bbox 1678 1354 1803 1406; x_wconf 62' lang='lat' dir='ltr'>febre</span> 
     </span>
     <span class='ocr_line' id='line_1_20' title="bbox 66 1421 1732 1483; baseline 0.001 -16"><span class='ocrx_word' id='word_1_157' title='bbox 66 1434 144 1483; x_wconf 85' lang='lat' dir='ltr'>pes</span> <span class='ocrx_word' id='word_1_158' title='bbox 161 1421 372 1468; x_wconf 69' lang='lat' dir='ltr'>foeminas</span> <span class='ocrx_word' id='word_1_159' title='bbox 396 1421 555 1470; x_wconf 83' lang='lat' dir='ltr'>scimus</span> <span class='ocrx_word' id='word_1_160' title='bbox 567 1421 784 1470; x_wconf 85' lang='lat' dir='ltr'>omnibus</span> <span class='ocrx_word' id='word_1_161' title='bbox 806 1421 963 1471; x_wconf 86' lang='lat' dir='ltr'>diebus</span> <span class='ocrx_word' id='word_1_162' title='bbox 977 1426 1209 1471; x_wconf 82' lang='lat' dir='ltr'>matutinis</span> <span class='ocrx_word' id='word_1_163' title='bbox 1230 1434 1410 1469; x_wconf 89' lang='lat' dir='ltr'>carnem</span> <span class='ocrx_word' id='word_1_164' title='bbox 1473 1428 1598 1477; x_wconf 77' lang='lat' dir='ltr'>Caro</span> <span class='ocrx_word' id='word_1_165' title='bbox 1611 1424 1732 1471; x_wconf 87' lang='lat' dir='ltr'>cetui</span> 
     </span>
     <span class='ocr_line' id='line_1_21' title="bbox 65 1484 1411 1550; baseline 0.001 -19"><span class='ocrx_word' id='word_1_166' title='bbox 65 1499 167 1532; x_wconf 87' lang='lat' dir='ltr'>eam</span> <span class='ocrx_word' id='word_1_167' title='bbox 182 1485 406 1549; x_wconf 87' lang='lat' dir='ltr'>degustate</span> <span class='ocrx_word' id='word_1_168' title='bbox 417 1484 562 1535; x_wconf 87' lang='lat' dir='ltr'>solitas</span> <span class='ocrx_word' id='word_1_169' title='bbox 577 1488 719 1550; x_wconf 87' lang='lat' dir='ltr'>longo</span> <span class='ocrx_word' id='word_1_170' title='bbox 735 1501 836 1535; x_wconf 80' lang='lat' dir='ltr'>aeuo</span> <span class='ocrx_word' id='word_1_171' title='bbox 847 1485 1023 1535; x_wconf 83' lang='lat' dir='ltr'>caruisse</span> <span class='ocrx_word' id='word_1_172' title='bbox 1037 1485 1411 1535; x_wconf 76' lang='lat' dir='ltr'>febribusNasct‘r</span> 
     </span>
     <span class='ocr_line' id='line_1_22' title="bbox 68 1545 1786 1614; baseline -0.001 -18"><span class='ocrx_word' id='word_1_173' title='bbox 68 1560 138 1596; x_wconf 88' lang='lat' dir='ltr'>tur</span> <span class='ocrx_word' id='word_1_174' title='bbox 151 1551 374 1597; x_wconf 88' lang='lat' dir='ltr'>interdum</span> <span class='ocrx_word' id='word_1_175' title='bbox 388 1549 534 1600; x_wconf 85' lang='lat' dir='ltr'>colore</span> <span class='ocrx_word' id='word_1_176' title='bbox 547 1549 753 1599; x_wconf 86' lang='lat' dir='ltr'>candido:</span> <span class='ocrx_word' id='word_1_177' title='bbox 767 1551 946 1614; x_wconf 87' lang='lat' dir='ltr'>qualem</span> <span class='ocrx_word' id='word_1_178' title='bbox 962 1549 1086 1599; x_wconf 87' lang='lat' dir='ltr'>fuisse</span> <span class='ocrx_word' id='word_1_179' title='bbox 1097 1551 1278 1600; x_wconf 85' lang='lat' dir='ltr'>tradunt</span> <span class='ocrx_word' id='word_1_180' title='bbox 1289 1584 1300 1596; x_wconf 94' lang='lat'><strong>.</strong></span> <span class='ocrx_word' id='word_1_181' title='bbox 1312 1549 1382 1611; x_wconf 84' lang='lat' dir='ltr'>Q</span> <span class='ocrx_word' id='word_1_182' title='bbox 1400 1584 1413 1597; x_wconf 94' lang='lat'><strong><em>.</em></strong></span> <span class='ocrx_word' id='word_1_183' title='bbox 1477 1545 1786 1604; x_wconf 70' lang='lat' dir='ltr'>ceruaecandiae</span> 
     </span>
     <span class='ocr_line' id='line_1_23' title="bbox 68 1611 1553 1679; baseline 0 -19"><span class='ocrx_word' id='word_1_184' title='bbox 68 1615 250 1662; x_wconf 83' lang='lat' dir='ltr'>Sertorii</span> <span class='ocrx_word' id='word_1_185' title='bbox 261 1628 439 1662; x_wconf 86' lang='lat' dir='ltr'>ceruam</span> <span class='ocrx_word' id='word_1_186' title='bbox 455 1632 466 1661; x_wconf 76' lang='grc' dir='ltr'><strong><em>ε</em></strong></span> <span class='ocrx_word' id='word_1_187' title='bbox 482 1629 622 1678; x_wconf 87' lang='lat' dir='ltr'>quam</span> <span class='ocrx_word' id='word_1_188' title='bbox 638 1611 720 1661; x_wconf 88' lang='lat' dir='ltr'>esse</span> <span class='ocrx_word' id='word_1_189' title='bbox 732 1614 959 1664; x_wconf 85' lang='lat' dir='ltr'>fatidicam</span> <span class='ocrx_word' id='word_1_190' title='bbox 974 1616 1186 1678; x_wconf 84' lang='lat' dir='ltr'>hispaniae</span> <span class='ocrx_word' id='word_1_191' title='bbox 1205 1616 1415 1679; x_wconf 86' lang='lat' dir='ltr'>gentibus</span> <span class='ocrx_word' id='word_1_192' title='bbox 1480 1619 1553 1668; x_wconf 73' lang='lat' dir='ltr'>dae</span> 
     </span>
     <span class='ocr_line' id='line_1_24' title="bbox 70 1677 1414 1742; baseline 0 -18"><span class='ocrx_word' id='word_1_193' title='bbox 70 1677 349 1740; x_wconf 80' lang='lat' dir='ltr'>persuaserat:</span> <span class='ocrx_word' id='word_1_194' title='bbox 361 1691 409 1726; x_wconf 89' lang='lat' dir='ltr'>ut</span> <span class='ocrx_word' id='word_1_195' title='bbox 422 1679 479 1726; x_wconf 85' lang='lat' dir='ltr'>est</span> <span class='ocrx_word' id='word_1_196' title='bbox 491 1678 613 1742; x_wconf 87' lang='lat' dir='ltr'>apud</span> <span class='ocrx_word' id='word_1_197' title='bbox 626 1679 918 1728; x_wconf 87' lang='lat' dir='ltr'>Plutarchum</span> <span class='ocrx_word' id='word_1_198' title='bbox 932 1714 945 1727; x_wconf 89' lang='lat'><strong>.</strong></span> <span class='ocrx_word' id='word_1_199' title='bbox 960 1680 1145 1727; x_wconf 88' lang='lat' dir='ltr'>Animal</span> <span class='ocrx_word' id='word_1_200' title='bbox 1158 1680 1214 1727; x_wconf 81' lang='lat' dir='ltr'>est</span> <span class='ocrx_word' id='word_1_201' title='bbox 1228 1678 1414 1740; x_wconf 81' lang='lat' dir='ltr'>simplex</span> 
     </span>
     <span class='ocr_line' id='line_1_25' title="bbox 73 1741 1419 1805; baseline -0.001 -16"><span class='ocrx_word' id='word_1_202' title='bbox 73 1745 120 1789; x_wconf 75' lang='grc' dir='ltr'>δι</span> <span class='ocrx_word' id='word_1_203' title='bbox 131 1746 343 1790; x_wconf 88' lang='lat' dir='ltr'>omnium</span> <span class='ocrx_word' id='word_1_204' title='bbox 355 1757 440 1804; x_wconf 58' lang='lat' dir='ltr'>rep„-</span> <span class='ocrx_word' id='word_1_205' title='bbox 454 1741 669 1792; x_wconf 86' lang='lat' dir='ltr'>miraculo</span> <span class='ocrx_word' id='word_1_206' title='bbox 683 1742 871 1805; x_wconf 82' lang='lat' dir='ltr'>stupens:</span> <span class='ocrx_word' id='word_1_207' title='bbox 885 1742 1002 1792; x_wconf 88' lang='lat' dir='ltr'>adeo</span> <span class='ocrx_word' id='word_1_208' title='bbox 1012 1755 1062 1790; x_wconf 89' lang='lat' dir='ltr'>ut</span> <span class='ocrx_word' id='word_1_209' title='bbox 1073 1746 1298 1792; x_wconf 88' lang='lat' dir='ltr'>uenatoris</span> <span class='ocrx_word' id='word_1_210' title='bbox 1313 1742 1419 1788; x_wconf 76' lang='lat' dir='ltr'>arct&#39;t</span> 
     </span>
     <span class='ocr_line' id='line_1_26' title="bbox 73 1804 1421 1870; baseline -0.001 -17"><span class='ocrx_word' id='word_1_211' title='bbox 73 1808 118 1853; x_wconf 64' lang='grc' dir='ltr'>δέ</span> <span class='ocrx_word' id='word_1_212' title='bbox 132 1804 311 1870; x_wconf 84' lang='lat' dir='ltr'>sagittas</span> <span class='ocrx_word' id='word_1_213' title='bbox 325 1810 368 1852; x_wconf 88' lang='lat' dir='ltr'>in</span> <span class='ocrx_word' id='word_1_214' title='bbox 384 1806 424 1854; x_wconf 91' lang='lat' dir='ltr'>se</span> <span class='ocrx_word' id='word_1_215' title='bbox 437 1806 614 1854; x_wconf 63' lang='lat' dir='ltr'>directas</span> <span class='ocrx_word' id='word_1_216' title='bbox 627 1807 828 1853; x_wconf 84' lang='lat' dir='ltr'>mitetur:</span> <span class='ocrx_word' id='word_1_217' title='bbox 844 1807 893 1851; x_wconf 92' lang='lat' dir='ltr'>In</span> <span class='ocrx_word' id='word_1_218' title='bbox 908 1806 1070 1854; x_wconf 82' lang='lat' dir='ltr'>sabulis</span> <span class='ocrx_word' id='word_1_219' title='bbox 1082 1807 1322 1854; x_wconf 88' lang='lat' dir='ltr'>celebratur</span> <span class='ocrx_word' id='word_1_220' title='bbox 1336 1816 1421 1852; x_wconf 73' lang='lat' dir='ltr'>cerr</span> 
     </span>
     <span class='ocr_line' id='line_1_27' title="bbox 0 1872 1422 1935; baseline -0.004 -18"><span class='ocrx_word' id='word_1_221' title='bbox 0 1929 2 1935; x_wconf 21' lang='lat'><em>7</em></span> <span class='ocrx_word' id='word_1_222' title='bbox 70 1885 131 1917; x_wconf 87' lang='lat' dir='ltr'>ua</span> <span class='ocrx_word' id='word_1_223' title='bbox 144 1872 355 1918; x_wconf 85' lang='lat' dir='ltr'>cornibus</span> <span class='ocrx_word' id='word_1_224' title='bbox 371 1874 508 1919; x_wconf 82' lang='lat' dir='ltr'>aureis</span> <span class='ocrx_word' id='word_1_225' title='bbox 521 1873 692 1918; x_wconf 80' lang='lat' dir='ltr'>eximiae</span> <span class='ocrx_word' id='word_1_226' title='bbox 707 1873 1128 1934; x_wconf 68' lang='lat' dir='ltr'>pernicitatiszquam</span> <span class='ocrx_word' id='word_1_227' title='bbox 1143 1881 1234 1918; x_wconf 89' lang='lat' dir='ltr'>arte</span> <span class='ocrx_word' id='word_1_228' title='bbox 1245 1872 1288 1917; x_wconf 88' lang='lat'>&amp;</span> <span class='ocrx_word' id='word_1_229' title='bbox 1304 1872 1422 1934; x_wconf 64' lang='lat' dir='ltr'>inger</span> 
     </span>
     <span class='ocr_line' id='line_1_28' title="bbox 70 1932 1786 1998; baseline -0.001 -18"><span class='ocrx_word' id='word_1_230' title='bbox 70 1936 150 1984; x_wconf 89' lang='lat' dir='ltr'>nio</span> <span class='ocrx_word' id='word_1_231' title='bbox 162 1935 371 1982; x_wconf 85' lang='lat' dir='ltr'>Hercules</span> <span class='ocrx_word' id='word_1_232' title='bbox 384 1939 508 1997; x_wconf 75' lang='lat' dir='ltr'>cepite</span> <span class='ocrx_word' id='word_1_233' title='bbox 523 1938 656 1982; x_wconf 84' lang='lat' dir='ltr'>etiam</span> <span class='ocrx_word' id='word_1_234' title='bbox 671 1935 700 1981; x_wconf 83' lang='lat' dir='ltr'>si</span> <span class='ocrx_word' id='word_1_235' title='bbox 716 1934 963 1984; x_wconf 83' lang='lat' dir='ltr'>Aristoteles</span> <span class='ocrx_word' id='word_1_236' title='bbox 974 1935 1029 1982; x_wconf 90' lang='lat' dir='ltr'>de</span> <span class='ocrx_word' id='word_1_237' title='bbox 1042 1936 1241 1998; x_wconf 78' lang='lat' dir='ltr'>partibus</span> <span class='ocrx_word' id='word_1_238' title='bbox 1254 1936 1423 1981; x_wconf 65' lang='lat' dir='ltr'>anima*</span> <span class='ocrx_word' id='word_1_239' title='bbox 1483 1936 1632 1983; x_wconf 85' lang='lat' dir='ltr'>Cetua</span> <span class='ocrx_word' id='word_1_240' title='bbox 1645 1932 1786 1983; x_wconf 59' lang='lat' dir='ltr'>comit</span> 
     </span>
     <span class='ocr_line' id='line_1_29' title="bbox 0 1998 1736 2053; baseline -0.001 -5"><span class='ocrx_word' id='word_1_241' title='bbox 0 2031 5 2053; x_wconf 45' lang='grc' dir='ltr'>,ι</span> <span class='ocrx_word' id='word_1_242' title='bbox 73 2000 183 2048; x_wconf 87' lang='lat' dir='ltr'>lium</span> <span class='ocrx_word' id='word_1_243' title='bbox 196 2000 364 2047; x_wconf 83' lang='lat' dir='ltr'>Ceruas</span> <span class='ocrx_word' id='word_1_244' title='bbox 378 1998 592 2046; x_wconf 84' lang='lat' dir='ltr'>foeminas</span> <span class='ocrx_word' id='word_1_245' title='bbox 606 2011 772 2046; x_wconf 89' lang='lat' dir='ltr'>cornua</span> <span class='ocrx_word' id='word_1_246' title='bbox 787 2011 881 2048; x_wconf 92' lang='lat' dir='ltr'>non</span> <span class='ocrx_word' id='word_1_247' title='bbox 898 1999 1062 2047; x_wconf 86' lang='lat' dir='ltr'>habete</span> <span class='ocrx_word' id='word_1_248' title='bbox 1073 2001 1319 2049; x_wconf 87' lang='lat' dir='ltr'>rationibus</span> <span class='ocrx_word' id='word_1_249' title='bbox 1331 1999 1423 2048; x_wconf 77' lang='grc' dir='ltr'>0Ηὲ</span> <span class='ocrx_word' id='word_1_250' title='bbox 1486 2002 1574 2051; x_wconf 81' lang='lat' dir='ltr'>bus</span> <span class='ocrx_word' id='word_1_251' title='bbox 1588 2001 1736 2050; x_wconf 78' lang='lat' dir='ltr'>aureis</span> 
     </span>
     <span class='ocr_line' id='line_1_30' title="bbox 0 2062 1424 2129; baseline -0.004 -15"><span class='ocrx_word' id='word_1_252' title='bbox 0 2065 3 2114; x_wconf 77' lang='lat' dir='ltr'>j:</span> <span class='ocrx_word' id='word_1_253' title='bbox 74 2063 307 2111; x_wconf 73' lang='lat' dir='ltr'>dittcostat</span> <span class='ocrx_word' id='word_1_254' title='bbox 317 2063 480 2128; x_wconf 59' lang='lat' dir='ltr'>equid&amp;</span> <span class='ocrx_word' id='word_1_255' title='bbox 492 2078 545 2110; x_wconf 90' lang='lat' dir='ltr'>ex</span> <span class='ocrx_word' id='word_1_256' title='bbox 556 2062 840 2112; x_wconf 85' lang='lat' dir='ltr'>Callimacho</span> <span class='ocrx_word' id='word_1_257' title='bbox 852 2066 896 2110; x_wconf 91' lang='lat' dir='ltr'>in</span> <span class='ocrx_word' id='word_1_258' title='bbox 910 2062 1091 2123; x_wconf 72' lang='lat' dir='ltr'>hymno</span> <span class='ocrx_word' id='word_1_259' title='bbox 1103 2062 1254 2127; x_wconf 84' lang='lat' dir='ltr'>delphi</span> <span class='ocrx_word' id='word_1_260' title='bbox 1271 2076 1294 2110; x_wconf 89' lang='lat' dir='ltr'>e</span> <span class='ocrx_word' id='word_1_261' title='bbox 1309 2075 1424 2129; x_wconf 46' lang='lat' dir='ltr'>qn&amp;</span> 
     </span>
     <span class='ocr_line' id='line_1_31' title="bbox 0 2126 1425 2191; baseline 0.002 -18"><span class='ocrx_word' id='word_1_262' title='bbox 0 2127 1 2132; x_wconf 76' lang='grc'>’</span> <span class='ocrx_word' id='word_1_263' title='bbox 80 2130 218 2174; x_wconf 80' lang='lat' dir='ltr'>cernis</span> <span class='ocrx_word' id='word_1_264' title='bbox 230 2126 353 2176; x_wconf 78' lang='lat' dir='ltr'>secus</span> <span class='ocrx_word' id='word_1_265' title='bbox 377 2126 589 2176; x_wconf 81' lang='lat' dir='ltr'>Parrhasii</span> <span class='ocrx_word' id='word_1_266' title='bbox 605 2130 775 2175; x_wconf 82' lang='lat' dir='ltr'>montis</span> <span class='ocrx_word' id='word_1_267' title='bbox 799 2127 962 2175; x_wconf 85' lang='lat' dir='ltr'>radices</span> <span class='ocrx_word' id='word_1_268' title='bbox 977 2132 1166 2175; x_wconf 80' lang='lat' dir='ltr'>inuentis</span> <span class='ocrx_word' id='word_1_269' title='bbox 1179 2141 1374 2191; x_wconf 86' lang='lat' dir='ltr'>quatum</span> <span class='ocrx_word' id='word_1_270' title='bbox 1399 2143 1425 2176; x_wconf 84' lang='lat' dir='ltr'>e</span> 
     </span>
     <span class='ocr_line' id='line_1_32' title="bbox 79 2189 1425 2256; baseline 0.001 -18"><span class='ocrx_word' id='word_1_271' title='bbox 79 2193 289 2239; x_wconf 87' lang='lat' dir='ltr'>cornibus</span> <span class='ocrx_word' id='word_1_272' title='bbox 311 2189 570 2255; x_wconf 89' lang='lat' dir='ltr'>splendebat</span> <span class='ocrx_word' id='word_1_273' title='bbox 590 2205 751 2240; x_wconf 84' lang='lat' dir='ltr'>aurum</span> <span class='ocrx_word' id='word_1_274' title='bbox 765 2204 960 2254; x_wconf 85' lang='lat' dir='ltr'>quatuor</span> <span class='ocrx_word' id='word_1_275' title='bbox 974 2190 1111 2256; x_wconf 87' lang='lat' dir='ltr'>ipsam</span> <span class='ocrx_word' id='word_1_276' title='bbox 1126 2191 1217 2240; x_wconf 84' lang='lat' dir='ltr'>sine</span> <span class='ocrx_word' id='word_1_277' title='bbox 1239 2195 1425 2242; x_wconf 90' lang='lat' dir='ltr'>canibus</span> 
     </span>
     <span class='ocr_line' id='line_1_33' title="bbox 81 2253 1428 2322; baseline 0.004 -20"><span class='ocrx_word' id='word_1_278' title='bbox 81 2253 238 2318; x_wconf 84' lang='lat' dir='ltr'>cepisse</span> <span class='ocrx_word' id='word_1_279' title='bbox 250 2271 425 2322; x_wconf 60' lang='lat' dir='ltr'>currucp</span> <span class='ocrx_word' id='word_1_280' title='bbox 450 2254 713 2306; x_wconf 69' lang='lat' dir='ltr'>adiunxisse:</span> <span class='ocrx_word' id='word_1_281' title='bbox 729 2256 973 2320; x_wconf 85' lang='lat' dir='ltr'>fugientem</span> <span class='ocrx_word' id='word_1_282' title='bbox 998 2256 1130 2304; x_wconf 89' lang='lat' dir='ltr'>aliam</span> <span class='ocrx_word' id='word_1_283' title='bbox 1148 2259 1334 2308; x_wconf 83' lang='lat' dir='ltr'>lunonis</span> <span class='ocrx_word' id='word_1_284' title='bbox 1346 2272 1428 2308; x_wconf 75' lang='lat' dir='ltr'>u0‘</span> 
     </span>
     <span class='ocr_line' id='line_1_34' title="bbox 83 2314 1426 2396; baseline 0.003 -28"><span class='ocrx_word' id='word_1_285' title='bbox 83 2320 251 2396; x_wconf 74' lang='lat' dir='ltr'>luntate</span> <span class='ocrx_word' id='word_1_286' title='bbox 271 2321 448 2371; x_wconf 88' lang='lat' dir='ltr'>Herculi</span> <span class='ocrx_word' id='word_1_287' title='bbox 471 2333 522 2369; x_wconf 91' lang='lat' dir='ltr'>ut</span> <span class='ocrx_word' id='word_1_288' title='bbox 548 2332 772 2370; x_wconf 85' lang='lat' dir='ltr'>certamen</span> <span class='ocrx_word' id='word_1_289' title='bbox 790 2323 910 2370; x_wconf 80' lang='lat' dir='ltr'>fieret</span> <span class='ocrx_word' id='word_1_290' title='bbox 936 2334 1095 2385; x_wconf 86' lang='lat' dir='ltr'>rupem</span> <span class='ocrx_word' id='word_1_291' title='bbox 1109 2314 1319 2388; x_wconf 81' lang='lat' dir='ltr'>excepisse</span> <span class='ocrx_word' id='word_1_292' title='bbox 1328 2323 1426 2372; x_wconf 76' lang='lat' dir='ltr'>Ce¹0</span> 
     </span>
     <span class='ocr_line' id='line_1_35' title="bbox 83 2387 1332 2432; baseline -0.001 0"><span class='ocrx_word' id='word_1_293' title='bbox 83 2397 302 2432; x_wconf 85' lang='lat' dir='ltr'>tauniam.</span> <span class='ocrx_word' id='word_1_294' title='bbox 1321 2387 1332 2398; x_wconf 66' lang='lat'>⁸</span> 
     </span>
    </p>

    <p class='ocr_par' dir='ltr' id='par_1_3' title="bbox 117 2445 1429 2518">
     <span class='ocr_line' id='line_1_36' title="bbox 117 2445 1429 2518; baseline -0.001 -22"><span class='ocrx_word' id='word_1_295' title='bbox 117 2462 148 2496; x_wconf 92' lang='lat' dir='ltr'>u</span> <span class='ocrx_word' id='word_1_296' title='bbox 213 2447 412 2497; x_wconf 86' lang='lat' dir='ltr'>Rsorum</span> <span class='ocrx_word' id='word_1_297' title='bbox 435 2461 587 2516; x_wconf 83' lang='lat' dir='ltr'>partus</span> <span class='ocrx_word' id='word_1_298' title='bbox 601 2452 750 2514; x_wconf 84' lang='lat' dir='ltr'>primo</span> <span class='ocrx_word' id='word_1_299' title='bbox 772 2450 961 2500; x_wconf 84' lang='lat' dir='ltr'>candida</span> <span class='ocrx_word' id='word_1_300' title='bbox 975 2448 1031 2498; x_wconf 82' lang='lat' dir='ltr'>est</span> <span class='ocrx_word' id='word_1_301' title='bbox 1053 2445 1298 2518; x_wconf 77' lang='lat' dir='ltr'>informisq3</span> <span class='ocrx_word' id='word_1_302' title='bbox 1323 2466 1429 2505; x_wconf 73' lang='lat' dir='ltr'>cato</span> 
     </span>
    </p>

    <p class='ocr_par' dir='ltr' id='par_1_4' title="bbox 213 2511 1430 2629">
     <span class='ocr_line' id='line_1_37' title="bbox 213 2511 1430 2629; baseline 0.007 -68"><span class='ocrx_word' id='word_1_303' title='bbox 213 2516 417 2563; x_wconf 89' lang='lat' dir='ltr'>muribus</span> <span class='ocrx_word' id='word_1_304' title='bbox 430 2515 568 2582; x_wconf 88' lang='lat' dir='ltr'>paulo</span> <span class='ocrx_word' id='word_1_305' title='bbox 581 2512 828 2568; x_wconf 83' lang='lat' dir='ltr'>maiot:fine</span> <span class='ocrx_word' id='word_1_306' title='bbox 839 2517 979 2568; x_wconf 88' lang='lat' dir='ltr'>oculis</span> <span class='ocrx_word' id='word_1_307' title='bbox 992 2517 1037 2565; x_wconf 86' lang='lat'><strong>&amp;</strong></span> <span class='ocrx_word' id='word_1_308' title='bbox 1049 2511 1171 2580; x_wconf 56' lang='lat' dir='ltr'>absry</span> <span class='ocrx_word' id='word_1_309' title='bbox 1182 2513 1275 2629; x_wconf 68' lang='lat' dir='ltr'>Pssfo</span> <span class='ocrx_word' id='word_1_310' title='bbox 1285 2532 1430 2584; x_wconf 87' lang='lat' dir='ltr'>quam</span> 
     </span>
    </p>
   </div>
  </div>
 </body>
</html>
